1843 3190
299 267 391 324 412
699 282 735 314 s.
777 279 1022 313 ,mensum
1057 280 1277 315 Emscom.

300 345 535 393 nerantur¹
555 364 567 394 ε
595 365 643 394 ex
666 365 752 412 quo
770 365 918 394 sumus
938 347 1019 394 filii
1041 348 1140 404 Dei,
1167 344 1351 394 interior
1369 357 1602 394 renovatur
1623 348 1677 394 de

300 418 370 464 die
385 420 430 465 in
447 418 576 465 diem.
609 419 820 476 Quamvis
843 429 883 464 et
904 418 996 481 ipse
1012 419 1194 465 exterior
1208 435 1287 483 per
1305 417 1531 464 lavacrum
1550 436 1676 465 sanc-

302 489 494 535 tificatus
527 489 609 545 sit,
649 499 691 534 et
711 506 831 553 spem
860 488 1022 535 futurae
1058 488 1400 552 incorruptionis
1432 489 1675 552 acceperit,

303 570 486 623 propter
519 558 640 622 quod
670 570 712 605 et
742 559 954 623 templum
988 559 1069 605 Dei
1096 559 1249 604 merito
1278 558 1471 604 dicitur:
1500 557 1573 603 sed
1592 558 1680 604 hoc

304 647 394 675 non
431 629 572 675 solum
609 640 791 693 propter
832 640 1089 693 praesentem
1125 628 1539 675 sanctificationem2
1555 665 1567 685 ,
1607 627 1681 674 sed

307 711 491 763 propter
516 699 634 745 illam
656 717 776 763 spem
800 700 968 746 dictum
993 711 1053 746 est
1069 737 1080 756 ,
1117 699 1170 746 de
1192 717 1281 764 qua
1307 698 1487 757 dicitur,
1517 700 1573 744 Et
1604 715 1682 744 nos

305 770 389 832 ipsi
408 769 623 832 primitias
643 770 853 815 habentes
874 770 1051 833 spiritus
1068 771 1390 829 ingemiscimus
1405 769 1422 797 ³
1444 806 1454 822 ‚
1478 768 1683 831 adoptio-

307 840 468 884 tionem
488 850 759 902 expectantes
779 839 1125 903 redemptionem
1138 839 1334 903 corporis
1353 839 1505 885 nostri.
1526 839 1572 884 Si
1583 855 1682 899 ergo

308 909 553 973 redemptio
582 911 778 973 corporis
801 911 933 956 nostri
965 910 1206 956 secundum
1236 908 1494 973 Apostolum
1529 926 1685 973 expec-

310 990 426 1026 tatur
448 1019 458 1035 ‚
492 980 691 1044 profecto
716 981 836 1044 quod
859 992 1108 1045 expectatur
1134 980 1280 1027 adhuc
1312 991 1510 1044 speratur
1529 1017 1540 1037 ,
1567 997 1684 1025 non-

308 1051 416 1097 dum
436 1062 620 1098 tenetur.
643 1072 666 1094 »
685 1051 810 1097 Nihil
832 1052 999 1098 habent
1011 1052 1109 1098 haec
1133 1052 1267 1099 verba
1285 1068 1378 1097 mea
1391 1051 1513 1115 quod
1534 1068 1623 1096 non
1639 1051 1685 1096 in

311 1140 354 1168 se
375 1122 625 1185 baptizatus
648 1135 870 1183 agnoscat,
898 1123 976 1186 qui
1000 1140 1101 1169 cum
1127 1123 1338 1187 Apostolo
1363 1121 1496 1178 dicit,
1524 1123 1580 1167 Et
1600 1121 1686 1185 ipsi

311 1193 356 1238 in
381 1194 702 1257 nobismetipsis
722 1194 1060 1254 ingemiscimus.
1086 1194 1213 1240 Unde
1235 1205 1278 1240 et
1301 1192 1407 1239 alibi
1438 1193 1525 1238 ait:
1553 1213 1572 1232 «
1590 1193 1686 1237 Ete-

311 1284 333 1303 »
357 1264 447 1309 nim
469 1265 548 1327 qui
566 1280 715 1309 sumus
738 1264 784 1309 in
802 1264 887 1309 hac
916 1264 1192 1311 habitatione
1215 1302 1225 1321 ‚
1251 1263 1574 1324 ingemiscimus
1594 1280 1687 1322 gra-

313 1354 334 1375 »
357 1332 491 1380 vatih.
515 1354 535 1374 >³
558 1333 660 1390 Quo
675 1334 864 1397 pertinet
880 1335 1009 1380 etiam
1026 1334 1154 1391 illud,
1176 1334 1297 1398 quod
1314 1335 1360 1380 in
1372 1333 1486 1379 libro
1507 1333 1687 1396 Sapien-

311 1402 586 1462 tiaelegimuS.
610 1425 629 1446 «
644 1403 816 1467 Corpus
831 1404 946 1450 enim
963 1404 1252 1468 corruptibile
1267 1413 1469 1464 aggravat
1484 1402 1688 1459 animam,

310 1494 332 1515 »
356 1484 398 1518 et
418 1472 626 1536 deprimit
656 1485 825 1521 terrena
844 1474 1111 1521 inhabitatio
1135 1492 1306 1521 sensum
1334 1474 1472 1520 multa
1496 1473 1689 1533 cogitan-

308 1563 329 1584 ›2
350 1543 478 1590 tem5.
505 1544 626 1590 »Sed
650 1555 699 1591 tu
728 1555 935 1609 tanquam
959 1545 1007 1591 in
1026 1545 1140 1592 coelo
1154 1549 1247 1605 jam
1263 1546 1376 1591 inter
1396 1543 1581 1604 Angelos
1601 1544 1689 1589 im-

310 1614 552 1660 mortaliter
575 1614 800 1673 habitans,
821 1616 955 1662 verba
975 1617 1241 1663 infirmitatis
1262 1627 1303 1662 et
1326 1615 1601 1661 mortalitatis
1624 1614 1691 1660 ir-

309 1683 423 1729 rides
441 1705 452 1738 ;
474 1695 516 1730 et
533 1702 582 1730 ea
601 1703 816 1749 exponens
835 1704 924 1733 non
945 1686 1188 1733 secundum
1215 1703 1361 1732 meum
1383 1703 1552 1731 sensum
1574 1722 1585 1739 ,
1617 1683 1691 1730 sed

309 1754 549 1801 secundum
568 1755 717 1802 dolum
741 1768 884 1813 tuum,
909 1756 1061 1802 dixisse
1090 1774 1160 1802 me
1179 1756 1384 1812 affirmas,
1402 1777 1422 1797 «
1443 1755 1575 1812 Quod
1590 1771 1692 1814 gra-

310 1823 370 1869 tia
393 1841 482 1870 non
501 1825 692 1888 perfecte
702 1826 930 1873 hominem
954 1844 1117 1873 novum
1133 1825 1277 1872 faciat.
1297 1847 1318 1867 ι)
1334 1827 1432 1871 Non
1456 1826 1544 1870 hoc
1558 1824 1688 1870 dico:

315 1894 486 1940 attende
505 1896 626 1958 quod
650 1896 931 1943 dico.Gratia
951 1896 1140 1961 perfecte
1158 1896 1381 1942 hominem
1392 1912 1554 1942 novum
1570 1894 1692 1952 facit;

308 1964 666 2028 quandoquidem
693 1978 735 2012 et
769 1967 824 2013 ad
859 1967 1056 2031 corporis
1090 1967 1465 2012 immortalitatem
1487 1965 1692 2028 plenam-

311 2051 397 2098 que
412 2034 665 2082 felicitatem
681 2037 775 2100 ipsa
794 2037 1013 2101 perducit.
1043 2038 1174 2082 Nunc
1197 2037 1326 2082 etiam
1347 2035 1538 2100 perfecte
1560 2035 1693 2081 inno-

309 2116 383 2151 vat
404 2106 653 2164 hominem,
674 2120 890 2172 qnantum
913 2108 1067 2154 attinet
1085 2107 1141 2154 ad
1162 2107 1462 2154 liberationem
1482 2107 1538 2153 ab
1555 2106 1695 2152 omni-

310 2175 394 2221 bus
437 2178 616 2223 omnino
653 2180 862 2242 peccatis,
906 2197 995 2225 non
1035 2189 1249 2242 quantun]
1287 2178 1342 2224 ad
1389 2178 1692 2225 liberationem

315 2247 466 2293 attinet
490 2247 546 2293 ab
563 2249 768 2296 omnibus
798 2250 923 2296 malis
941 2287 952 2307 ,
990 2259 1033 2296 et
1051 2250 1107 2296 ab
1131 2249 1252 2295 omni
1273 2249 1555 2313 corruptione
1580 2264 1693 2293 mor-

310 2317 486 2363 talitatis
505 2355 516 2374 ,
545 2336 631 2382 qua
667 2338 784 2366 nunc
820 2338 982 2384 corpus
1007 2329 1209 2381 aggravat
1242 2320 1450 2366 animam.
1474 2318 1602 2366 Unde
1633 2328 1695 2364 est

313 2387 514 2446 gemitus,
536 2406 666 2453 quem
687 2407 810 2436 suum
827 2407 1003 2454 quoque
1020 2391 1254 2437 confitetur
1275 2389 1509 2454 Apostolus
1524 2388 1689 2439 dicens.

311 2478 331 2498 «
355 2458 410 2502 Et
425 2458 510 2522 ipsi
533 2459 579 2505 in
600 2460 922 2525 nobismetipsis
950 2457 1318 2521 ingemiscimus6.
1344 2481 1366 2502 »
1393 2459 1480 2506 Sed
1498 2459 1553 2505 ad
1570 2458 1694 2505 illam

361 2558 373 2580 ¹
393 2569 410 2589 2
429 2560 503 2591 Cor.
516 2570 564 2596 xv,
582 2561 632 2590 16.
649 2558 722 2584 —2
747 2571 759 2591 x
780 2562 854 2593 Cor.
869 2571 920 2599 ιιι,
944 2562 996 2592 16.
1015 2557 1086 2584 ...³
1100 2563 1196 2595 Rom.
1212 2571 1283 2601 vm,
1301 2561 1359 2596 23.
1375 2579 1419 2586 —
1436 2557 1451 2583 ⁴
1471 2571 1489 2592 2
1507 2561 1584 2597 Cor.
1612 2570 1641 2599 ν,
1661 2565 1694 2599 4,

315 2631 360 2639 -—
376 2612 390 2637 ⁵
407 2616 480 2658 Sap.
500 2625 546 2655 xx,
569 2616 679 2647 15.—
695 2612 710 2636 ὅ
727 2618 822 2650 Rom.
842 2626 920 2656 vm,
937 2613 993 2648 23.
