1843 3190
195 290 364 321 CONTRA
405 292 626 322 Jt'ritAxtJu
670 292 972 331 {ultumis-xxvxi,
1012 293 1098 322 Lit‘..
1144 294 1201 324 lv.
1287 295 1375 342 277

4 357 163 403 tionem
195 358 386 403 veritatis
423 359 591 413 venire,
626 368 708 403 tam
744 358 901 404 multos
934 359 979 403 in
1014 376 1191 418 regnum
1223 377 1375 415 suum,

7 428 86 474 ubi
109 437 170 472 est
197 438 314 473 certa
347 428 535 474 veritatis
554 428 718 488 agnitio
739 465 748 482 ‚
777 429 850 491 qui
878 428 998 474 nullo
1018 429 1056 474 ei
1079 429 1281 475 resistunt
1307 447 1381 477 vo-

5 497 183 544 luntatis
203 498 382 543 arbitrio
398 534 408 552 ,
429 498 595 561 patitur
614 515 700 543 non
718 499 894 544 venire?

68 569 233 614 XLIII.
276 568 367 614 Nisi
404 568 513 614 forte
538 569 734 614 dicturus
758 586 824 624 es,
858 568 955 614 ideo
978 570 1184 632 parvulos
1214 588 1302 615 non
1332 571 1379 617 in

3 655 153 686 eorum
179 656 359 684 numero
384 637 659 702 deputanflos
675 677 685 695 ‚
703 656 811 703 quos
830 641 944 684 Deus
963 656 1110 685 omnes
1128 640 1222 685 vult
1243 641 1380 686 salvos

0 709 119 765 fieri,
145 709 247 773 quia
265 726 311 754 ea
329 709 490 766 salute,
518 727 618 774 quae
643 709 718 755 hic
740 709 1017 769 intelligenda
1036 720 1121 766 est,
1149 710 1254 755 salvi
1280 721 1380 756 sunt

1 779 114 844 ipsi,
144 778 256 824 nihil
276 779 493 825 trahentes
514 780 691 825 omnino
716 780 898 843 peccati.
925 782 1068 842 Atque
1089 780 1149 825 ita
1168 791 1207 825 te
1228 780 1379 826 intole-

3 848 184 894 rabilior
203 859 404 912 sequetur
429 849 689 896 absurditas.
722 851 807 895 Isto
826 849 939 894 enim
965 850 1096 896 modo
1116 850 1380 896 benevolen-

0 919 147 964 tiorem
168 918 274 964 facis
296 920 435 964 Deum
462 920 668 965 omnibns
688 919 955 982 impiissimis
979 930 1017 964 et
1043 920 1378 966 sceleratissimis

0 989 275 1044 hominibus,
300 1006 432 1052 quam
456 990 817 1036 innocentissimis
841 1001 882 1035 et
912 990 1154 1053 purissimis
1180 991 1234 1035 ab
1260 990 1379 1036 omni

0 1058 96 1106 labe
118 1059 287 1122 peccati
309 1076 318 1103 :
347 1059 707 1122 quandoquidem
737 1059 856 1114 illos,
887 1060 989 1122 quia
1022 1059 1117 1106 vult
1143 1077 1211 1106 eos
1231 1076 1379 1105 omnes

0 1127 134 1174 salvos
158 1128 250 1173 fieri
267 1166 277 1186 ,
308 1128 404 1174 vult
425 1128 554 1174 etiam
574 1129 734 1174 intrare
758 1129 800 1174 in
827 1145 1005 1188 regnum
1032 1146 1157 1174 suum
1181 1147 1191 1174 :
1214 1129 1300 1174 hoc
1317 1139 1380 1174 est

0 1199 110 1246 enim
134 1198 216 1244 illis
245 1215 510 1263 consequens
528 1236 540 1255 ,
564 1200 596 1244 si
628 1199 734 1245 salvi
763 1199 924 1244 fuerint
951 1199 1055 1245 :sed
1081 1200 1158 1263 qui
1191 1199 1375 1252 nolunt,

0 1269 78 1333 ipsi
98 1269 178 1315 sibi
198 1269 373 1316 obsunt.
404 1270 667 1315 Immensum
687 1287 787 1316 vero
813 1287 1041 1315 numerum
1060 1270 1341 1333 parvulorum
1361 1307 1372 1326 ‚

0 1341 72 1404 qui
91 1340 180 1385 sine
196 1340 459 1404 baptismate
478 1342 727 1387 moriuntur
742 1376 752 1398 ⁷
767 1358 843 1386 suo
858 1358 988 1400 regno
1012 1341 1138 1400 adjici
1157 1359 1245 1387 non
1260 1341 1373 1396 vult,

0 1428 104 1474 quos
134 1428 272 1474 neque
300 1412 386 1457 ulla
412 1423 592 1474 peccata
613 1450 623 1466 ‚
653 1413 764 1457 sicut
788 1413 950 1475 putatis
970 1448 980 1466 ‚
1004 1412 1251 1475 impediunt
1271 1432 1281 1465 ;
1305 1422 1374 1467 et,

0 1482 116 1546 quod
143 1482 288 1528 nullus
328 1483 539 1542 ambigit,
575 1487 665 1542 ejus
701 1483 891 1528 resistere
921 1482 1134 1528 voluntati
1159 1483 1377 1528 contraria

0 1553 216 1599 voluntate
236 1570 321 1599 non
343 1564 541 1616 possunt.
565 1555 636 1599 Sic
655 1555 704 1599 fit
720 1590 730 1608 ,
760 1564 908 1598 utesse
931 1553 1203 1598 Christianos
1223 1569 1371 1598 omnes

0 1623 120 1678 velit,
156 1640 343 1686 quorum
370 1623 499 1668 multi
523 1623 704 1676 nolunt3
732 1640 819 1668 non
845 1640 993 1668 omnes
1028 1623 1155 1679 velit,
1183 1640 1372 1686 quorum

0 1704 56 1738 est
76 1711 202 1739 nemo
219 1694 296 1758 qui
314 1693 423 1739 nolit
446 1711 456 1738 ε
479 1693 598 1756 quod
616 1693 858 1738 abhorreta
876 1709 989 1739 vero.
1009 1693 1141 1737 Novit
1162 1692 1376 1737 Dominus

0 1763 69 1827 qui
89 1774 189 1808 sunt
208 1762 324 1823 ejus1
351 1781 360 1809 z
384 1774 425 1809 et
450 1763 496 1809 in
518 1780 665 1808 eorum
688 1762 824 1808 salute
847 1773 972 1826 atque
988 1762 1033 1807 in
1050 1780 1175 1807 suum
1192 1779 1375 1822 regnum

0 1833 318 1879 introductione
342 1845 459 1880 certa
479 1844 540 1879 est
560 1834 759 1879 voluntas
776 1837 879 1892 ejus.
903 1834 974 1878 Sic
987 1850 1086 1893 ergo
1102 1832 1375 1878 debetintel-

0 1903 68 1964 ligi
92 1903 210 1967 quod
229 1903 397 1949 dictum
425 1915 516 1949 est:
544 1924 563 1945 «
585 1905 747 1949 Omnes
768 1903 964 1947 homines
984 1902 1078 1948 vult
1094 1903 1232 1948 salvos
1252 1903 1371 1955 fieri,

0 1996 16 2016 υ
35 1975 135 2020 etin
152 1975 413 2034 agnitionem
433 1974 624 2020 veritatis
643 1974 788 2018 venire
802 1974 818 2001 ‘2
842 1991 851 2017 ε
876 1996 893 2013 n
911 1972 1280 2035 quemadmodum
1301 1972 1374 2017 in-

0 2046 202 2105 telligitur
219 2045 339 2110 quod
362 2045 528 2091 dictum
547 2056 608 2090 est
629 2063 638 2089 :
664 2066 682 2085 «
706 2045 789 2100 Per
813 2044 939 2090 unius
955 2044 1311 2103 justificationem
1328 2043 1373 2089 iu

0 2136 17 2157 »
41 2133 188 2161 omnes
212 2116 410 2161 homines
437 2115 492 2161 ad
510 2115 868 2174 justificationem
890 2117 990 2159 vitae
1006 2114 1038 2160 3.
1063 2136 1083 2156 ))

58 2185 214 2231 XLIV.
258 2185 389 2241 Quod
413 2184 699 2248 apostolicum
715 2183 1008 2228 testimonium
1037 2184 1068 2229 si
1092 2201 1140 2229 eo
1159 2183 1290 2228 modo
1309 2182 1375 2228 in-

0 2254 273 2315 telligendum
295 2265 449 2317 putas,
476 2265 524 2299 ut
549 2253 670 2299 dicas
696 2269 843 2297 omnes
860 2253 1027 2315 positos
1050 2261 1142 2298 esses
1162 2270 1243 2315 pro
1264 2253 1376 2311 mul-

0 2326 48 2395 με
64 2363 74 2380 ,
94 2326 169 2389 qui
189 2326 488 2384 justificantur
507 2325 552 2370 in
580 2323 756 2369 Christo
781 2340 791 2367 ι
827 2322 981 2383 (multi
1007 2325 1173 2386 quippe
1191 2322 1263 2368 alii
1286 2339 1374 2368 non

0 2397 273 2442 ''ivificantur
302 2395 347 2441 in
378 2395 555 2441 Christo
575 2394 621 2457 :)
659 2393 995 2456 respondebitur
1018 2394 1123 2450 tibi,
1160 2394 1220 2438 sic
1244 2393 1374 2439 etiam

12 2466 84 2513 llic
107 2467 183 2512 ubi
205 2466 369 2512 (lictum
392 2485 401 2511 :
426 2487 446 2508 c<
473 2468 638 2512 Omnes
657 2464 855 2510 homines
875 2464 966 2509 vult
978 2464 1115 2510 salvos
1132 2465 1222 2509 fieri
1240 2501 1250 2519 ,
1271 2474 1312 2508 et
1328 2463 1373 2508 in

8 2560 18 2580 ³
42 2537 303 2598 agnitionem
337 2537 526 2583 veritatis
551 2535 722 2589 venire;
759 2556 779 2576 »
812 2551 958 2580 omnes
992 2535 1154 2598 positos
1184 2551 1270 2580 esse
1293 2548 1373 2596 pro

46 2625 54 2646 ¹
76 2635 93 2655 a
112 2623 193 2655 Tim.
214 2635 253 2663 ιι,
276 2634 326 2665 19.
348 2640 392 2647 -—
407 2621 423 2644 ¹²
447 2634 458 2652 1
476 2621 559 2653 Tim.
578 2631 615 2660 11,
635 2628 664 2658 4.
683 2638 726 2646 -—
744 2618 759 2642 ⁴
777 2623 871 2655 Rom.
890 2632 918 2659 v,
939 2621 992 2654 18.
