1843 3190
282 262 456 294 CONTRA
492 260 717 294 JULIANUM
754 258 1058 302 PELAGIANUM‚
1098 261 1186 292 LIB.
1228 261 1296 292 111.
1371 260 1462 308 219

80 328 272 391 gravidis
290 329 429 374 utitur
449 327 665 383 foeminiS,
702 344 782 372 nec
807 331 899 387 ejus
923 327 1061 373 aetatis
1097 345 1182 390 qua
1213 338 1378 372 certum
1402 335 1463 371 est

85 417 154 452 eas
170 403 259 459 jam
279 399 508 462 concipere
530 415 619 443 non
643 397 784 443 valere
805 415 815 441 ε
839 415 918 443 nec
939 415 1030 443 eam
1055 413 1232 461 prorsus
1248 412 1463 441 concum-

85 469 219 515 bendi
247 469 385 514 vincit
409 470 585 514 affectus
601 506 611 522 ‚
639 467 713 513 sed
738 479 843 513 tunc
863 467 1076 514 relaxatur
1092 504 1102 523 ,
1132 483 1233 511 cum
1266 475 1463 528 speratur

85 539 368 600 generationis
405 540 593 585 effectus.
636 539 682 584 Si
706 539 811 602 quid
837 555 937 584 vero
979 539 1030 583 fit
1059 537 1106 582 in
1134 539 1317 596 conjuge
1336 572 1346 589 ,
1373 551 1462 579 non

84 610 262 672 quidem
302 619 454 655 contra
490 620 692 655 naturam
710 646 721 665 ,
765 609 839 654 sed
877 619 1021 653 tamen
1054 607 1175 671 quod
1210 605 1462 651 tabularum

85 679 471 725 matrimonialium
494 679 673 724 limitem
700 689 910 734 transeat,
938 677 1100 723 veniale
1126 675 1243 740 apud
1271 676 1462 738 Aposto-

84 750 175 795 lum
199 748 465 813 reperitur13
489 750 592 813 quia
617 767 892 814 nequaquam
918 750 1038 795 limes
1064 746 1303 809 conjugalis
1321 744 1462 790 carnis

86 821 310 867 exceditur
332 839 342 866 ε
372 821 445 867 sed
470 832 613 867 tamen
637 832 684 867 ut
707 823 836 868 etiam
857 823 947 885 ipse
965 838 1052 866 non
1076 819 1327 872 excedatur,
1350 833 1461 861 con-

88 903 152 937 tra
172 891 334 937 malum
365 892 735 955 concupiscentiae
769 893 1018 938 dimicatur.
1050 889 1181 947 Quod
1202 905 1337 951 usque
1355 885 1461 932 adeo

86 961 249 1007 malum
271 973 356 1018 est,
387 973 435 1007 ut
459 963 496 1007 ei
516 1000 526 1018 ,
552 980 606 1008 ne
629 974 808 1019 noceat,
838 962 1067 1026 pudicitiae
1090 959 1322 1006 certamine
1340 956 1460 1002 resis-

87 1041 214 1077 tatur.

154 1102 309 1148 XLIV.
341 1104 396 1147 Et
417 1112 464 1146 tu
484 1139 492 1154 ,
526 1101 606 1147 nisi
624 1101 753 1148 fallor
770 1140 780 1158 ,
809 1102 851 1147 in
874 1102 955 1147 isto
979 1118 1021 1146 es
1041 1098 1276 1146 certamine
1296 1095 1462 1142 consti-

87 1182 206 1218 tutus
227 1189 237 1215 :
263 1183 304 1216 ct
323 1172 425 1234 quia
446 1183 486 1217 te
505 1172 689 1218 fideliter
710 1190 906 1235 pugnare
924 1171 1134 1217 existimas
1149 1206 1159 1225 ‚
1180 1167 1296 1214 vinci
1322 1166 1456 1211 times,

87 1245 123 1289 A
151 1260 265 1306 quo,
293 1260 441 1307 quaeso
471 1254 529 1294 te.
566 1243 685 1289 vinci
721 1244 869 1289 times?
898 1261 920 1288 a
943 1243 1089 1297 bono,
1131 1258 1184 1285 an
1218 1237 1359 1283 malo?
1395 1237 1462 1281 An

86 1313 196 1360 sorte
225 1313 285 1359 sic
307 1331 329 1359 a
353 1331 421 1359 me
445 1313 561 1360 vinci
595 1315 739 1370 times,
779 1326 828 1360 ut
863 1313 1011 1360 adhuc
1039 1311 1199 1366 malum
1230 1326 1354 1368 neges
1372 1345 1381 1353 .
1421 1316 1463 1351 ct

87 1394 293 1447 tanquam
324 1383 491 1429 bonum
518 1385 665 1430 laudes
698 1403 718 1430 a
743 1402 831 1448 quo
864 1385 982 1430 vinci
1018 1383 1168 1428 times?
1204 1382 1322 1424 Inter
1353 1377 1462 1422 duos

87 1452 353 1499 adversarios
368 1454 628 1500 constitutus
650 1455 696 1500 in
712 1473 887 1515 magnas
911 1453 1143 1500 coarctaris
1162 1449 1398 1510 angustias,
1419 1457 1461 1492 et

86 1541 154 1569 me
170 1522 233 1569 vis
251 1523 422 1569 vincere
447 1541 526 1587 per
545 1518 835 1588 eloquentiam
856 1563 866 1581 ‚
895 1536 936 1570 et
964 1523 1191 1569 libidinem
1216 1538 1294 1584 per
1317 1517 1461 1564 conti-
1494 1559 1499 1563 .

86 1593 277 1639 nentiam
302 1612 312 1638 ε
345 1594 417 1639 sed
440 1595 680 1658 pugnando
701 1595 902 1642 adversus
922 1613 1015 1646 eam
1039 1592 1257 1639 confiteris
1275 1589 1456 1642 malum,

85 1663 306 1715 laudando
330 1681 420 1709 eam
447 1665 601 1711 deseris
617 1666 808 1712 veritatis
829 1666 946 1711 bonu
957 1683 1011 1712 m.
1044 1663 1127 1709 Sed
1153 1680 1230 1722 ego
1252 1672 1290 1706 te
1307 1660 1456 1713 vian

86 1745 128 1780 et
147 1746 483 1798 expugnatorem
509 1747 551 1781 et
574 1737 843 1783 laudatorem
864 1737 992 1791 mali,
1017 1735 1283 1782 constituens
1304 1743 1344 1777 te
1365 1741 1460 1776 ante

81 1803 306 1864 judicem,
344 1823 431 1851 non
467 1806 598 1852 alium
620 1845 629 1859 .
659 1808 731 1853 sed
767 1819 806 1854 te
838 1807 998 1871 ipsum.
1045 1807 1117 1851 Yis
1145 1804 1260 1850 enim
1291 1803 1462 1848 vincere

87 1875 484 1937 concupiscentiam
506 1878 820 1939 expugnatione
839 1881 928 1937 ejus
942 1914 952 1930 ,
977 1894 1044 1922 me
1062 1892 1162 1921 vero
1186 1872 1314 1920 laude
1334 1875 1424 1931 ejus
1445 1887 1456 1914 ι

87 1944 160 1990 sed
183 1962 260 2005 ego
282 1945 521 2008 respondeo
549 1964 559 1991 ε
589 1948 646 1992 [t
671 1949 871 1993 vincatur
895 1947 971 2011 qui
993 1945 1171 2000 laudat,
1198 1943 1368 2004 judicet
1384 1939 1461 2005 qui

85 2026 266 2081 pugnat.
295 2016 340 2062 Si
358 2016 473 2062 enirn
496 2018 661 2063 malum
684 2030 769 2074 est,
800 2036 879 2064 cur
895 2016 1074 2063 laudat?
1106 2016 1150 2062 Si
1173 2016 1341 2061 bonum
1368 2022 1457 2067 est,

87 2103 165 2131 cur
187 2090 431 2149 expugnat?
463 2087 507 2132 Si
534 2099 674 2133 autem
702 2106 782 2134 nec
809 2089 976 2133 bonum
997 2104 1076 2132 nec
1100 2086 1264 2131 malum
1291 2095 1354 2130 est
1371 2121 1381 2140 ,
1413 2093 1460 2128 ut

88 2155 194 2218 quid
213 2155 389 2201 laudat?
411 2168 458 2202 ut
476 2157 584 2220 quid
599 2162 844 2221 expugnat?
870 2157 1079 2215 Quandiu
1095 2156 1229 2216 igitur
1247 2171 1461 2218 expugna-

91 2237 156 2272 tor
178 2225 373 2272 libidinis
402 2227 481 2273 eris
498 2265 508 2282 ,
548 2228 696 2274 tandiu
719 2247 801 2292 pro
831 2246 899 2274 me
929 2239 1082 2274 contra
1104 2238 1144 2273 te
1169 2227 1313 2290 ipsum
1329 2224 1461 2285 judex

88 2297 182 2343 eris.
216 2299 282 2342 An
299 2295 408 2342 forte
429 2298 630 2344 adversus
647 2299 877 2345 libidinem
896 2316 985 2344 non
1008 2297 1194 2344 certabis
1208 2334 1219 2352 ,
1244 2314 1297 2342 ne
1318 2296 1360 2341 in
1380 2295 1460 2340 isto

89 2366 207 2432 quod
230 2383 401 2412 mecum
421 2367 555 2414 habes
572 2370 804 2415 certamine
822 2369 1056 2433 supereris,
1079 2368 1226 2415 dicens
1248 2367 1328 2412 tibi
1345 2366 1427 2429 ipsi
1448 2384 1458 2411 :

90 2436 245 2487 Melius
265 2452 355 2481 nou
376 2455 525 2501 pugno
539 2477 551 2496 ‚
585 2457 719 2505 quam
737 2440 917 2486 ostendo
940 2439 1176 2504 pugnando
1196 2437 1359 2484 malum
1378 2444 1463 2482 esse

90 2507 209 2572 quod
229 2506 392 2553 laudo?
422 2510 523 2560 Noli
540 2512 719 2562 obsecro
742 2523 796 2559 te.
824 2512 945 2572 Quid
966 2512 1081 2558 enim
1101 2528 1195 2557 sum
1219 2526 1313 2570 eg0‚
1333 2525 1462 2573 quem

138 2588 148 2610 ¹
169 2600 179 2618 1
201 2588 275 2619 Cor.
291 2598 350 2624 vu,
367 2588 396 2617 6.
1207 2602 1209 2604 ,
