1843 3190
259 392 434 424 CONTRA
467 387 694 425 JULIAN'UM
728 393 1033 438 PELAGIANUM,
1075 398 1162 430 [ΑΒ.
1204 402 1274 435 111.
1349 406 1434 439 211

73 456 693 516 manifestationeconsensum‚
721 460 767 505 in
799 460 959 524 quibus
985 472 1085 508 sunt
1106 465 1182 527 qui
1202 469 1441 520 Manichaei

74 541 154 571 nec
189 543 350 574 nomen
386 528 615 575 audierunt
634 566 645 586 ‚
674 530 1022 578 Manichaeorum
1045 533 1320 599 blasphemia
1352 543 1443 589 cri-

73 607 277 644 mlnetur.

139 668 350 715 XXXIII.
374 691 396 711 «
417 668 501 715 Sed
525 670 582 715 ab
601 670 687 716 hoc
709 671 900 731 digressu
914 709 925 728 ‚
943 689 1031 735 quo
1051 684 1090 720 te
1117 675 1328 740 impetus,
1355 700 1443 729 non

75 747 123 783 ut
141 737 274 794 dicis,
303 738 489 797 doloris,
512 740 584 785 sed
603 778 614 796 ‚
637 741 798 804 perditi
822 741 1008 804 pudoris
1037 745 1288 807 abstulerat,
1317 751 1371 797 ad
1394 771 1442 800 ea

72 825 173 872 quae
197 809 442 855 institueras
462 827 472 855 ε
490 831 510 851 »
533 810 668 856 delira
678 812 925 858 reverteris:
950 823 992 858 et
1010 813 1213 862 adhibito
1231 835 1284 864 ex
1306 822 1442 884 Apos-

74 879 164 924 tolo
187 880 449 936 testimonio,
473 880 584 926 illud
612 881 734 944 quod
758 881 812 927 de
829 882 1022 929 Abrahae
1038 895 1081 930 et
1098 888 1215 933 Sarae
1237 894 1446 939 emortuis

75 950 280 996 membris
307 950 501 997 dixeras1
522 989 533 1008 ,
560 953 820 998 confirmare
843 953 1026 1001 conaris.
1057 955 1181 1003 Unde
1197 961 1290 1018 jam
1313 978 1446 1026 supe-

74 1022 189 1077 rius,
223 1032 437 1083 quantum
460 1023 558 1067 satis
587 1023 726 1069 visum
750 1034 828 1079 est,
852 1041 921 1069 me
945 1024 1188 1073 disseruisse
1213 1031 1440 1081 suffecerit.

77 1090 186 1147 Quis
210 1101 354 1136 autem
378 1091 653 1137 Christianus
675 1093 988 1156 ignoret‚quod
1011 1094 1138 1151 «Ille,
1161 1098 1238 1160 qui
1253 1101 1449 1162 primum

74 1160 297 1207 hominem
320 1161 421 1207 fecit
440 1178 487 1207 ex
510 1162 705 1225 pulvere,
728 1179 875 1208 omnes
900 1163 1141 1211 fabricetur
1163 1183 1210 1212 ex
1224 1172 1450 1220 semineP»

75 1230 161 1276 Sed
185 1248 231 1277 ex
261 1232 418 1278 semine
431 1237 524 1292 jam
547 1233 698 1279 vitiato
730 1243 866 1296 atque
891 1232 1097 1280 damnato
1117 1273 1127 1292 ‚
1145 1239 1267 1300 quod
1289 1243 1451 1303 partim

73 1318 153 1365 per
173 1302 395 1347 veritatem
419 1313 637 1349 remaneat
658 1303 704 1348 in
727 1303 948 1366 supplicio
965 1341 975 1359 ,
1000 1305 1162 1367 partim
1177 1324 1258 1370 per
1278 1312 1447 1359 miseri-

75 1373 270 1419 cordiam
293 1373 500 1419 liberetur
528 1392 551 1419 a
584 1373 714 1421 malo.
756 1374 856 1418 Non
893 1374 1046 1434 igitur,
1079 1387 1128 1422 ut
1159 1388 1286 1441 putas
1322 1393 1451 1446 atque

75 1443 322 1500 concludis,
365 1465 384 1485 α
403 1444 510 1490 [llis
533 1444 696 1507 laqueis
722 1444 805 1489 tuis
828 1446 997 1507 peccati
1028 1448 1238 1495 naturalis
1264 1453 1452 1500 suffoca-

74 1525 147 1560 tur
183 1515 368 1561 assertio.
397 1536 417 1557 >³
458 1517 748 1578 Depravatam
782 1515 950 1578 quippe
970 1516 1102 1579 primi
1132 1524 1451 1580 transgressoris

42 1599 44 1602 ’
74 1585 297 1631 voluntate
310 1596 528 1641 naturam,
550 1603 637 1632 non
658 1596 733 1631 tua
757 1583 948 1630 defensio
965 1586 1109 1632 verbis
1126 1587 1328 1637 inanibus
1346 1605 1452 1656 pur-

75 1666 145 1715 gat
165 1673 242 1718 per
263 1656 476 1701 novitium
495 1656 653 1715 dogma
678 1664 887 1710 vestrum,
915 1655 988 1701 sed
1012 1657 1149 1716 gratia
1170 1659 1250 1704 Dei
1271 1678 1350 1724 per
1373 1664 1450 1710 Je-

75 1743 167 1772 sum
189 1726 416 1773 Christum
442 1727 681 1771 Dominum
707 1736 919 1772 nostrum.

139 1797 342 1844 XXXIV.
383 1797 685 1855 Quamobrem
724 1813 804 1842 nec
827 1797 945 1860 'puto
961 1833 972 1852 ‚
1004 1797 1115 1844 sicut
1141 1799 1417 1851 calumniaris
1436 1844 1445 1853 .

75 1867 194 1931 quod
218 1889 239 1909 ε(
260 1872 474 1928 Conjuges
498 1869 587 1914 sine
626 1883 867 1931 corporum
903 1866 1044 1914 calore
1072 1874 1375 1928 generaverint
1397 1894 1407 1921 ε
1431 1899 1452 1918 »

75 1955 154 1984 nec
179 1949 287 2002 puto
313 1939 471 2002 quod«
490 1939 724 1984 Hominem
748 1940 863 1984 Deus
888 1954 978 1983 non
997 1938 1161 1997 fecerit,
1185 1952 1259 1987 aut
1275 1943 1451 1992 diabolo

74 2008 251 2066 fecerit,
281 2020 354 2055 aut
389 2009 588 2056 diabolus
621 2009 799 2063 fecerit3
823 2031 843 2050 >2
881 2008 985 2071 quia
1020 2026 1099 2056 nec
1133 2011 1218 2073 ipsi
1255 2025 1453 2076 parentes

75 2091 256 2143 possunt
278 2080 502 2126 hominem
523 2079 681 2135 facere,
709 2078 780 2125 sed
804 2096 851 2124 ex
866 2079 1121 2141 parentibus
1146 2083 1261 2127 Deus
1289 2100 1299 2128 :
1324 2089 1394 2145 cuj
1406 2103 1454 2132 us

74 2151 279 2214 potestati
296 2168 375 2197 nec
398 2168 439 2196 se
457 2151 602 2214 ipsum
629 2149 835 2195 diabolus
861 2149 1286 2214 subtrabit3quanto
1310 2155 1451 2201 minus

77 2231 278 2266 naturam
301 2221 543 2265 humanam
562 2257 573 2276 ,
603 2237 734 2282 quam
760 2219 841 2264 sibi
865 2235 942 2281 per
959 2221 1128 2282 peccati
1152 2223 1354 2270 meritum
1374 2226 1450 2271 illo

77 2290 310 2336 damnante
334 2290 548 2350 subjecit?
593 2291 705 2346 Quae
730 2306 832 2335 cum
868 2289 926 2333 ita
959 2289 1058 2345 sint,
1101 2301 1148 2336 tu
1174 2293 1319 2355 potius
1340 2331 1352 2350 ,
1372 2296 1450 2341 etsi

77 2379 164 2406 non
202 2360 518 2424 cultor‚'quod
553 2378 638 2406 csse
664 2377 732 2405 me
777 2359 913 2414 dicis,
943 2370 1085 2405 tamen
1127 2364 1450 2424 quantumlibet

77 2449 174 2477 eum
209 2448 408 2478 accusare
441 2431 653 2487 videaris,
686 2430 851 2476 diaboli
889 2429 1062 2489 adjutor
1095 2449 1181 2477 esse
1214 2435 1451 2482 convince-

75 2502 163 2547 ris:
192 2502 268 2565 qui
293 2519 439 2547 omnes
466 2502 671 2565 parvulos
693 2502 747 2546 ab
776 2518 825 2546 eo
849 2500 980 2555 malm
1008 2517 1086 2562 per
1109 2503 1227 2565 quod
1250 2515 1451 2551 tenentur

46 2590 48 2592 ’
78 2589 101 2617 a
122 2571 298 2617 diabolo
315 2609 324 2627 ,
352 2573 491 2617 sanari
518 2590 596 2635 per
627 2572 850 2616 Christum
890 2587 975 2615 nou
1004 2569 1160 2616 debere
1192 2574 1416 2620 contendis
1435 2613 1445 2631 ,

9 2668 13 2676 ·
47 2668 49 2670 v
76 2659 178 2688 cum
202 2642 399 2688 doctrina
437 2660 525 2687 non
549 2660 650 2688 sana
684 2659 808 2688 sanos
831 2658 916 2686 csse
949 2639 1154 2688 defendis,
1191 2644 1280 2701 Ego
1307 2655 1449 2691 autem

123 2726 134 2749 ¹
153 2729 247 2757 Rom.
266 2736 313 2768 w,
342 2737 394 2766 19.
705 2712 710 2719 .

1250 2780 1320 2836 14.
