1843 3190
298 277 475 311 CONTRA
506 277 734 310 JULIANUM
769 274 1074 318 PELAGIANUM,
1113 275 1201 305 mn.
1243 274 1304 306 vr.
1382 259 1475 316 405

99 343 318 405 J'udicium
334 364 345 398 3
364 344 468 408 quia
483 343 730 404 evangelica
741 353 802 388 est
817 353 858 388 et
873 342 967 406 ipsa
982 341 1194 388 sententia
1210 359 1221 386 :
1246 363 1266 383 «
1287 341 1376 397 Qui
1389 357 1478 385 non

105 436 127 456 «
151 414 404 471 crediderit,
435 413 798 460 condemnabitur
813 412 847 459 1.
877 434 898 454 »
924 413 980 457 Et
1005 410 1238 475 Apostolus
1263 409 1472 456 dicendo:

106 506 127 527 c<
153 486 314 532 Omnes
331 502 408 530 nos
421 483 681 530 manifestari
702 493 890 546 oportet,
916 492 964 526 ut
982 482 1166 545 recipiat
1182 479 1478 542 unusquisque

105 576 128 598 >³
141 566 274 618 prout
290 555 434 615 gessit,
449 554 536 600 sive
550 554 735 610 bonum,
758 554 845 599 sive
861 552 1076 605 malum2;
1099 573 1118 592 ))
1135 551 1248 596 nihil
1264 550 1403 595 voluit
1421 554 1483 594 in-

111 625 244 684 telligi
264 624 472 671 medium.
503 623 611 668 Vide
635 640 735 683 ergo
758 640 889 685 quain
908 622 1157 684 importune
1187 620 1297 665 nolis
1314 635 1477 682 parvu-

104 695 196 742 lum
216 695 269 740 de
301 695 439 740 alieno
466 705 648 758 peccato
669 705 892 758 reportare
919 692 1100 747 malum,
1127 703 1169 736 et
1188 691 1290 735 velis
1313 707 1411 735 euin
1429 689 1483 735 de

107 766 247 812 alieno
270 776 386 811 recte
420 765 537 811 facto
558 775 780 828 reportare
819 764 1005 819 bonum,
1031 779 1119 807 non
1141 760 1478 825 qualecumque,

105 836 179 881 sed
200 837 280 881 Dei
296 852 492 895 regnum.
514 835 713 881 Alienum
733 835 898 898 quippe
914 850 1025 896 opus
1047 843 1110 878 est
1129 849 1229 876 cum
1254 830 1391 875 credit
1407 846 1485 892 per

107 905 306 961 alterum,
333 905 445 951 sicut
462 904 649 951 alienum
676 922 786 968 opus
802 904 885 950 fuit
915 920 1016 949 cum
1037 901 1238 965 peccavit
1256 901 1302 946 in
1325 900 1473 945 altero.

106 978 198 1021 Nec
215 992 294 1020 nos
309 975 562 1020 dubitamus
579 977 682 1038 quia
699 975 963 1038 baptismate
980 972 1187 1018 delictum
1210 988 1336 1016 omne
1348 987 1483 1015 mun-

105 1045 250 1102 detur,
272 1045 346 1091 sed
358 1045 620 1091 renascendo
648 1046 830 1109 quisque
850 1043 1102 1089 mundatur.
1131 1043 1170 1098 Q
1179 1041 1264 1087 uod
1282 1057 1380 1100 ergo
1394 1057 1480 1085 non

107 1115 259 1162 adimit
276 1116 359 1161 nisi
378 1116 661 1175 regeneratio,
681 1133 768 1161 non
793 1125 928 1161 cessat
947 1114 1117 1159 trahere
1135 1111 1365 1171 generatio.

170 1186 311 1233 XXX.
335 1186 447 1231 Sane
462 1185 648 1231 dicendo
672 1207 693 1227 «
709 1183 1483 1247 Concupiscentiamnonusquequa-

108 1273 192 1320 que
210 1257 354 1302 animo
370 1255 575 1301 rebellem
589 1292 599 1304 .
617 1255 773 1318 procul
795 1254 933 1300 dubio
949 1253 1165 1299 confiteris
1179 1251 1380 1296 rebellem
1411 1268 1421 1294 :
1444 1261 1487 1295 et

107 1326 377 1390 supplicium
400 1343 488 1371 non
511 1325 679 1383 fateris,
721 1342 807 1388 quo
839 1325 1041 1371 adversus
1075 1334 1114 1368 te
1137 1323 1281 1386 ipsum
1318 1320 1485 1366 bellum

108 1398 247 1456 geris?
264 1418 284 1438 ει
300 1396 503 1451 Dicatur,
520 1396 682 1459 inquis,
700 1395 985 1459 parvulorum
999 1404 1163 1439 creator
1179 1394 1293 1437 Deus
1309 1391 1480 1446 talium,

107 1468 255 1531 quales
274 1467 353 1514 Dei
373 1468 577 1513 manibus
599 1467 720 1527 digni
743 1477 868 1522 sunt3
887 1477 929 1511 et
948 1464 1089 1520 addis,
1112 1464 1156 1509 id
1172 1474 1250 1519 est,
1269 1463 1482 1508 innocen-

108 1537 233 1584 tium.
261 1538 451 1583 »Non-ne
473 1547 513 1583 te
546 1538 706 1600 pietate
723 1548 764 1582 et
782 1536 862 1582 Dei
887 1534 1136 1581 laudatione
1162 1534 1333 1580 vincere
1359 1532 1484 1578 vide-

109 1617 198 1663 tur,
215 1607 292 1671 qui
309 1606 462 1653 dixerit
484 1607 612 1652 etiam
639 1606 829 1669 pulchra
852 1616 894 1651 et
928 1622 1030 1650 sana
1054 1621 1184 1666 opera
1209 1602 1359 1648 decere
1384 1619 1483 1647 ma-

108 1694 191 1723 nus
207 1678 312 1724 Dei?
335 1679 393 1724 Et
414 1688 555 1723 tamen
583 1677 713 1723 multi
740 1677 952 1722 deformes
975 1675 1103 1720 multi
1124 1672 1334 1728 morbidI,
1356 1672 1485 1718 multi

108 1747 279 1794 horridi
299 1749 619 1811 monstrosique
647 1758 914 1800 nascuntur3
957 1763 1037 1791 nec
1070 1744 1167 1790 ideo
1200 1743 1321 1788 illam
1350 1753 1487 1788 totam

109 1818 416 1874 substantiam,
430 1834 662 1881 omnesque
677 1828 820 1881 partes
834 1821 942 1877 eJus,
959 1827 1000 1861 et
1023 1813 1240 1878 quidquid
1263 1814 1309 1859 in
1328 1830 1375 1859 ea
1385 1814 1487 1858 sub-

111 1888 366 1934 stantialiter
392 1888 530 1934 existit
566 1899 608 1933 et
638 1888 767 1944 vivit,
793 1888 940 1951 potuit
965 1903 1107 1932 creare
1141 1884 1223 1930 nisi
1263 1884 1407 1929 bonus
1444 1895 1486 1929 et

109 1975 237 2006 verus
259 1960 389 2006 DeuS.

175 2030 339 2076 XXXI.
363 2033 385 2074 J
391 2029 496 2075 ubes
510 2051 530 2072 c<
545 2031 604 2076 Ut
626 2045 825 2086 asseram,
845 2024 1272 2092 quemadmodumin
1289 2024 1484 2079 Christo,

110 2099 156 2146 id
186 2111 265 2157 est,
291 2101 337 2146 in
359 2101 519 2146 virtute
544 2104 634 2161 ejus
660 2110 826 2146 creatos
856 2098 1064 2162 parvulos
1093 2095 1177 2142 sibi
1207 2095 1363 2140 audeat
1389 2095 1488 2140 dia-

112 2170 241 2216 bolus
267 2169 504 2217 vindicare.
535 2191 556 2211 »
589 2171 658 2215 Tu
684 2186 841 2224 assere,
879 2169 911 2214 si
932 2179 1054 2232 potes
1076 2204 1086 2220 ,
1122 2165 1343 2230 quomodo
1367 2165 1450 2210 sibi
1473 2202 1484 2215 .

112 2259 202 2288 non
226 2241 428 2297 obscure,
444 2240 517 2286 sed
528 2251 674 2304 aperte
688 2239 880 2285 vindicet
897 2238 1121 2302 parvulos,
1148 2253 1258 2300 quos
1272 2235 1490 2281 immundi

113 2311 292 2375 spiritus
312 2322 479 2358 vexant.
505 2311 551 2356 Si
569 2312 607 2357 ei
622 2311 802 2356 traditos
832 2309 969 2355 dicis:
1000 2309 1196 2354 videmus
1226 2307 1356 2352 ambo
1379 2324 1490 2370 sup-

113 2382 297 2447 plicium
317 2419 328 2438 ,
370 2392 418 2428 tu
439 2382 511 2428 dic
540 2382 773 2435 meritum;
804 2381 934 2427 ambo
961 2380 1176 2426 cernimus
1201 2394 1405 2442 poenam,
1442 2388 1490 2423 tu

115 2453 190 2517 qui
225 2453 347 2499 nulla
370 2453 484 2501 mala
513 2453 668 2500 merita
703 2453 814 2499 dicis
840 2469 888 2497 ex
920 2451 1178 2515 parentibus
1213 2448 1330 2494 trahi
1349 2486 1360 2504 ,
1388 2465 1490 2494 cum

116 2523 256 2569 Deum
275 2527 442 2584 J'ustum
464 2523 596 2569 ambo
620 2523 850 2579 fateamur,
873 2521 1119 2568 demonstra
1143 2520 1221 2566 ista
1242 2536 1377 2582 poena
1397 2517 1490 2578 dig-

168 2605 256 2642 ¹arc.
313 2617 380 2647 xvr,
400 2609 454 2642 ιθ.
475 2623 522 2631 ·-
539 2605 554 2629 ²
571 2617 590 2639 a
609 2607 686 2641 Cor.
705 2618 739 2648 v,
765 2617 814 2638 xo.
