1843 3190
336 338 427 369 200
739 340 773 369 s,
817 337 1061 368 AUGUSTINI
1097 338 1297 367 Eviscoi‘i

333 419 414 448 cur
430 411 584 448 natura
601 402 792 448 bumana
806 402 984 447 deberet
1005 402 1058 447 de
1073 403 1136 447 sui
1159 402 1298 447 meriti
1316 401 1588 448 deformitate
1606 419 1709 448 con-

333 472 473 519 fundi.

396 543 518 588 XXI.
561 541 680 586 Dicis
715 541 840 586 etiam
881 541 924 586 in
963 541 1090 586 laude
1127 541 1324 586 libidinis
1344 578 1353 595 ,
1383 562 1402 580 «
1426 541 1552 586 Hanc
1583 541 1711 586 fuisse

331 611 548 657 redditam
585 611 663 655 Dei
701 628 876 655 munere
915 611 1109 656 Abrahae
1143 622 1184 655 et
1212 611 1332 655 Sarae
1356 611 1471 655 senio
1499 610 1709 655 confectis

327 684 620 743 emortuisque
639 680 924 742 corporibus1
957 699 966 725 :
993 692 1034 726 et
1069 681 1279 726 invidiosa
1312 698 1416 726 voce
1440 680 1706 742 proclamas,

328 762 379 796 ut
403 767 584 795 asseram
609 751 642 794 si
668 767 840 812 possum
856 788 866 803 ‚
905 750 958 795 ad
986 768 1096 813 opus
1119 750 1283 795 diaboli
1322 750 1535 812 pertinere
1551 786 1561 804 ‚
1591 755 1709 811 quod

330 819 474 865 Deum
509 819 681 863 videam
715 819 936 864 interdum
973 820 1166 864 conferre
1199 837 1281 881 pro
1312 836 1498 864 munere.
1531 839 1552 859 >2
1576 818 1712 874 Quasi

329 903 433 935 vero
448 888 483 932 si
498 887 703 932 claudum
728 889 951 933 hominem
971 891 1193 934 resuscitet
1213 890 1328 933 Deus
1342 924 1353 942 ,
1378 888 1712 950 viventibusque

330 957 529 1004 restituat
544 994 554 1012 ‚
576 957 652 1019 qui
677 958 826 1021 utique
843 969 1039 1003 mortuus
1050 962 1138 1017 jam
1156 957 1401 1004 claudicare
1419 975 1505 1002 non
1520 968 1707 1021 poterat,
1750 975 1757 980 ·

330 1029 459 1074 etiam
477 1028 838 1074 claudicationem
861 1029 992 1075 debet
1010 1030 1146 1075 videri
1166 1047 1246 1092 pro
1260 1045 1439 1074 munere
1457 1029 1704 1076 contulisse.

330 1100 400 1144 Ita
420 1115 520 1158 ergo
541 1099 573 1143 si
593 1099 816 1144 restitutus
840 1110 926 1155 est,
956 1100 1029 1163 qui
1047 1100 1190 1145 fuerat
1210 1101 1254 1145 in
1275 1099 1558 1145 viridioribus
1578 1136 1588 1155 ‚
1612 1115 1714 1144 cor-

330 1185 490 1232 porum
509 1169 649 1227 vigor,
685 1169 746 1214 sic
770 1170 919 1232 utique
944 1171 1169 1215 restitutus
1189 1183 1251 1215 cst
1270 1206 1280 1225 ,
1308 1179 1355 1214 ut
1373 1186 1414 1214 se
1442 1169 1578 1214 habet
1600 1185 1713 1214 con—

331 1238 442 1284 ditio
467 1238 662 1301 corporis
687 1239 839 1285 mortis
872 1240 1019 1299 hujus.
1048 1242 1144 1285 Non
1166 1241 1277 1285 enim
1303 1256 1373 1285 eos
1397 1238 1450 1284 ad
1475 1238 1599 1284 illum
1624 1249 1713 1286 sta-

333 1319 448 1354 stum
462 1309 656 1353 revocari
668 1309 916 1371 oportebat,
931 1311 975 1355 in
986 1327 1072 1373 quo
1093 1310 1232 1355 Adam
1250 1309 1332 1355 fuit
1348 1319 1445 1355 ante
1458 1320 1686 1372 peccatum
1697 1345 1708 1365 ‚

332 1389 384 1424 ut
400 1390 575 1441 possent
592 1378 680 1424 sine
699 1379 790 1439 lege
803 1380 847 1425 in
868 1381 1074 1426 membris
1091 1398 1189 1444 quas
1208 1390 1423 1443 repugnat
1437 1379 1518 1438 legi
1537 1379 1709 1436 mentis,

335 1449 447 1494 filios
480 1466 722 1511 procreare.

400 1519 546 1564 XXII.
589 1519 798 1574 Quamvis
821 1531 863 1565 et
877 1520 930 1565 ad
948 1520 1034 1566 hoc
1052 1519 1383 1579 intelligendum
1398 1520 1452 1565 sit
1466 1529 1714 1565 emortuum

334 1587 463 1635 fuisse
495 1605 654 1651 corpus
678 1589 872 1636 Abrahae
893 1628 903 1647 ,
932 1602 981 1636 ut
1004 1609 1091 1636 non
1116 1592 1276 1637 valeret
1307 1590 1360 1636 de
1387 1590 1507 1635 omni
1534 1589 1713 1635 foemina

336 1658 448 1703 filios
474 1658 667 1717 gignere,
696 1676 796 1721 quae
829 1677 980 1723 parere
1016 1661 1204 1724 posset2.
1238 1662 1410 1705 Dicitur
1433 1660 1547 1705 enim
1572 1656 1714 1703 facere

337 1729 425 1774 hoc
449 1731 586 1774 aetatis
611 1746 825 1781 accessus,
848 1742 896 1777 ut
931 1748 978 1777 ex
1001 1732 1182 1777 foemina
1215 1748 1414 1791 generare
1435 1747 1558 1775 senex
1577 1729 1715 1792 possit

337 1798 655 1844 adolescentula
670 1836 681 1856 ,
702 1817 802 1846 cum
821 1805 913 1860 jain
934 1801 987 1847 de
1014 1801 1241 1861 grandiore
1263 1819 1349 1846 non
1371 1800 1505 1864 possit
1520 1814 1533 1854 ,·
1553 1815 1713 1861 quam-

339 1869 403 1916 vis
423 1868 496 1914 illa
517 1869 570 1913 de
586 1874 746 1929 J'uvene
770 1872 918 1933 possit.
956 1872 1043 1928 Qui
1066 1872 1179 1917 enim
1210 1883 1295 1916 tam
1329 1870 1497 1934 prolixo
1524 1880 1714 1931 tempore

339 1950 447 1984 tunc
468 1939 695 1996 vivebant,
715 1941 872 2004 procul
891 1941 1027 1988 dubio
1049 1943 1181 1987 serius
1203 1941 1367 1986 fiebant
1387 1941 1447 1986 ita
1475 1937 1711 2001 decrepiti,

339 2020 388 2055 ut
413 2009 467 2055 ad
488 2011 774 2056 concubitum
800 2012 962 2057 moveri
976 2012 1152 2057 omnino
1177 2029 1263 2056 non
1284 2020 1457 2073 possent
1480 2027 1490 2054 :
1517 2009 1550 2054 si
1572 2019 1715 2053 tamen

339 2079 543 2143 cuiquam
580 2081 674 2126 viro
702 2099 804 2127 sano
832 2093 974 2145 potest
993 2082 1036 2127 id
1065 2082 1259 2127 accidere
1282 2098 1360 2144 per
1385 2091 1570 2126 aetatem.
1602 2079 1713 2123 Nam

339 2167 442 2195 cum
466 2149 552 2195 hoc
572 2168 684 2213 opus
707 2152 752 2197 in
771 2152 973 2198 manibus
992 2153 1200 2198 haberem
1219 2189 1229 2207 ,
1267 2152 1489 2197 nuntiatus
1509 2159 1571 2193 est
1589 2148 1716 2193 nobis

338 2236 462 2264 senex
479 2221 699 2278 octoginta
718 2231 760 2266 et
778 2232 965 2284 quatuor
982 2239 1109 2281 agens
1132 2221 1289 2277 annes,
1314 2221 1389 2284 qui
1407 2219 1600 2278 religiose
1613 2233 1715 2262 cum

341 2291 527 2347 conjuge
549 2289 742 2349 religiosa
753 2295 845 2350 jam
863 2291 1014 2351 viginti
1031 2292 1225 2354 quinque
1246 2308 1381 2336 annos
1399 2290 1559 2335 vixerat
1575 2286 1714 2332 conti-

339 2368 506 2413 nenter,
535 2359 589 2404 ad
614 2360 844 2407 libidinem
867 2363 950 2408 sibi
975 2363 1124 2408 emisse
1147 2361 1401 2424 Lyristriam
1421 2397 1432 2415 ,
1462 2359 1539 2421 qui
1563 2357 1716 2420 utique

338 2445 421 2492 pro
442 2428 619 2474 modulo
633 2466 644 2483 ‚
665 2447 751 2493 quo
769 2432 850 2477 isto
875 2443 1068 2496 tempore
1087 2433 1241 2478 vivunt
1263 2431 1486 2485 homines,
1509 2428 1714 2489 gravioris

341 2499 571 2543 senectutis
586 2509 648 2544 est
666 2517 799 2563 quam
812 2501 952 2547 fuerat
971 2501 1193 2548 Abraham
1207 2502 1251 2546 in
1273 2500 1394 2546 annis
1408 2509 1581 2546 centum
1598 2534 1610 2554 ,
1633 2497 1714 2543 ad-

339 2567 431 2613 huc
453 2568 648 2615 victurus
672 2569 778 2615 alios
801 2572 1088 2635 septuaginta.
1122 2571 1248 2618 Unde
1275 2569 1536 2635 prudentius
1569 2565 1714 2614 credi-

392 2651 517 2682 1Rom.
534 2662 579 2695 iv,
599 2663 650 2694 19.
665 2670 708 2677 -—
725 2652 740 2676 2
758 2653 840 2685 Ibid.
