1843 3190
104 292 278 323 CONTRA
311 294 424 325 DUAS
457 293 693 325 EPISTOLAS
731 294 1095 336 PELAGIANORUM‚
1134 297 1221 329 LIB.
1265 301 1324 330 [V.
1411 302 1467 348 77

104 359 315 414 Domino,
342 378 467 406 nemo
487 361 726 424 quidquam
747 362 937 424 incipere
961 362 1050 408 sine
1073 363 1309 410 Domino1.
1335 365 1472 411 Num-

0 437 11 483 ᾗ
71 441 76 444 ·
103 429 209 493 quid
227 431 429 492 quoniam
450 432 547 477 haec
568 431 675 476 dicit
695 432 758 477 vir
778 442 920 477 tantus
936 432 1215 490 Ambrosius,
1233 445 1273 479 et
1292 435 1473 494 gratiam

0 496 4 522 '⁸
107 500 210 554 Dei,
233 500 344 546 sicut
365 501 452 546 filio
473 501 766 564 promissionis
791 502 1016 561 congruit,
1041 513 1159 562 grata
1178 503 1338 566 pietate
1351 521 1474 549 com-

0 566 9 593 ²³
104 571 302 626 mendat‚
331 571 428 616 ideo
453 571 632 617 destruit
660 571 844 617 liberum
886 572 1146 618 arbitrium?
1172 585 1245 619 aut
1267 591 1360 619 eam
1382 574 1476 620 vult

0 637 8 663 ²³
42 646 44 688 ὲ
104 639 283 699 intelligi
319 641 528 700 gratiam,
556 658 686 704 quam
727 641 903 686 diversis
938 641 1234 688 locutionibus
1262 644 1476 703 pelagiani

39 753 41 769 Ι
105 708 263 754 nolunt
288 711 368 755 nisi
392 710 524 770 legem
551 711 714 766 videri,
746 722 794 756 ut
818 711 1018 757 videlicet
1040 729 1129 757 non
1152 713 1204 758 ad
1229 713 1477 759 faciendum

39 826 41 841 Ι
106 779 223 841 quod
252 782 581 840 cognoverimus
599 819 610 838 ,
653 781 724 826 sed
752 782 805 827 ad
837 782 1184 842 cognoscendum
1219 784 1324 847 quid
1349 784 1475 830 facia-

107 866 202 894 mus
217 887 228 904 ‚
248 867 324 895 nos
347 852 458 896 Deus
469 851 538 910 adj
549 869 676 897 uvare
690 852 922 898 credatur?
945 852 991 897 Si
1010 852 1095 898 hoc
1110 853 1239 898 istum
1254 854 1477 900 hominem

110 921 184 965 Dei
201 938 347 984 sapere
365 923 631 978 existimant,
652 923 759 986 quid
779 923 832 969 de
850 924 943 987 ipsa
960 924 1050 983 lege
1071 923 1224 969 dixerit
1241 962 1250 979 ‚
1280 925 1471 973 audiant.

105 991 157 1034 In
174 990 312 1046 libro,
339 991 392 1036 de
418 994 531 1051 Fuga
553 994 700 1038 saeculi
723 1011 733 1037 ε
757 1015 776 1034 c<
796 996 878 1039 Lex
896 1032 907 1050 ,
931 994 1096 1057 inquit,
1124 1011 1169 1039 os
1187 997 1382 1040 oninium
1402 1013 1479 1057 po-

106 1059 189 1104 tuit
223 1061 471 1116 obstruere,
511 1079 595 1107 non
632 1062 777 1124 potuit
810 1073 996 1107 mentem
1031 1074 1290 1110 convertere.
1325 1086 1342 1105 n
1370 1066 1477 1109 Item

107 1129 189 1174 alio
220 1129 316 1175 loco
340 1131 383 1176 in
409 1131 557 1177 eodem
592 1131 705 1177 libro
730 1150 740 1176 :
768 1153 786 1171 c<
809 1134 918 1188 Lex,
949 1132 1122 1194 inquit,
1163 1131 1326 1178 factum
1352 1134 1480 1179 dam-

106 1210 181 1244 nat
198 1220 208 1252 ;
229 1218 316 1245 11011
335 1200 474 1247 aufert
490 1201 713 1248 malitiam.
736 1224 755 1243 ›>
769 1201 955 1247 Videant
968 1201 1137 1247 fidelem
1157 1212 1197 1246 et
1213 1203 1480 1248 catholicum

107 1269 246 1315 virum
274 1271 480 1334 Apostolo
499 1273 738 1317 consentire
755 1272 915 1318 dicenti
940 1290 950 1317 ε
971 1293 989 1313 «
1010 1272 1180 1317 Scimus
1196 1283 1362 1329 autem,
1380 1275 1483 1336 quia

109 1360 129 1380 >³
153 1357 446 1404 quaecumque
468 1341 530 1386 lex
552 1342 762 1405 loquitur,
784 1342 852 1387 his
876 1342 951 1405 qui
975 1343 1019 1387 in
1038 1342 1128 1402 lege
1148 1354 1248 1388 sunt
1267 1342 1480 1406 loquitur,

109 1431 128 1450 ³>
154 1421 203 1454 ut
237 1428 363 1456 omne
403 1429 448 1457 os
482 1413 752 1467 obstruatur,
796 1424 837 1457 et
880 1429 976 1457 reus
1016 1413 1089 1457 fiat
1122 1413 1261 1457 omnis
1294 1413 1484 1458 mundus

111 1501 131 1520 »
157 1481 247 1525 Deo
263 1481 304 1534 23
329 1504 347 1522 »
369 1482 469 1543 quia
494 1498 583 1526 non
603 1482 919 1541 justificabitur
939 1499 987 1526 ex
1010 1481 1101 1540 lege
1125 1483 1263 1526 omnis
1291 1499 1391 1527 caro
1411 1500 1482 1528 co-

110 1566 202 1594 ram
239 1550 327 1597 illo.
368 1552 427 1596 Ex
466 1569 514 1596 eo
551 1553 666 1596 enim
697 1552 948 1614 Apostolico
974 1568 1098 1597 sensu
1132 1551 1203 1596 illa
1231 1553 1415 1614 sumpsit
1444 1564 1485 1598 et

113 1619 286 1682 scripsit
314 1621 580 1666 Ambrosius.

177 1691 341 1736 XXXI.
371 1692 469 1735 Jam
494 1708 594 1736 vero
614 1691 822 1754 quoniam
843 1691 1063 1750 Pelagiani
1085 1690 1254 1744 dicunt‚
1280 1695 1419 1750 Justos
1439 1692 1483 1736 in

112 1759 198 1805 hac
216 1761 304 1806 vita
322 1760 389 1806 vel
407 1778 493 1805 esse
513 1761 581 1806 vel
603 1760 747 1817 fuisse,
770 1763 846 1824 qui
870 1762 959 1806 sine
979 1760 1068 1805 ullo
1092 1772 1273 1823 peccato
1283 1762 1482 1817 vixerint,

115 1833 162 1875 in
184 1841 350 1876 tantum
371 1842 419 1876 ut
436 1832 524 1877 vita
549 1830 720 1883 futura,
748 1848 848 1894 quae
871 1832 915 1876 in
938 1831 1122 1893 praemio
1154 1831 1365 1893 speranda
1391 1843 1451 1876 est
1473 1869 1483 1887 ‚

114 1903 364 1965 provectior
381 1913 422 1947 et
456 1901 688 1965 perfectior
717 1919 803 1947 esse
835 1919 924 1947 non
956 1902 1093 1965 possit
1124 1919 1134 1946 ε
1163 1902 1290 1946 etiam
1327 1902 1401 1947 hic
1432 1903 1489 1947 eis

115 1972 376 2036 respondeat
417 1989 572 2036 eosque
612 1971 769 2017 refutet
803 1971 1073 2018 Ambrosius.
1123 1971 1233 2016 Nam
1279 1988 1491 2034 exponens

118 2043 274 2088 Isaram
300 2042 563 2107 prophetam
592 2053 773 2105 propter
796 2042 841 2087 id
865 2041 985 2105 quod
1020 2041 1242 2103 Scriptum
1270 2051 1351 2096 est,
1377 2061 1396 2082 «
1416 2041 1492 2085 Fi-

120 2135 140 2156 »
164 2114 245 2160 lios
270 2116 396 2175 genui
419 2125 460 2160 et
484 2113 681 2167 exaltavi,
701 2113 786 2176 ipsi
815 2123 956 2157 autem
981 2121 1305 2174 mespreverunt
1320 2148 1330 2166 ,
1358 2128 1497 2157 susce-

120 2208 141 2228 »
161 2186 227 2248 pit
250 2186 303 2231 de
335 2184 683 2245 generationibus
720 2199 819 2246 quae
843 2200 889 2227 ex
923 2187 1014 2227 Deo
1038 2191 1138 2226 sunt
1171 2180 1446 2243 disputare33
1474 2203 1494 2222 2)

122 2268 252 2320 atque
281 2257 325 2301 in
359 2256 452 2318 ipsa
482 2254 777 2317 disputatione
811 2250 1166 2297 commemoravit
1201 2251 1496 2296 testimonium

121 2328 317 2383 Joannss,
346 2327 423 2371 ubi
445 2326 503 2371 ait
526 2343 536 2370 ε
560 2346 579 2365 «
603 2325 691 2380 Qui
722 2333 846 2368 natus
865 2334 928 2368 est
954 2340 1001 2367 ex
1026 2322 1117 2366 Deo
1138 2337 1225 2365 non
1248 2321 1447 2383 peccat&
1477 2343 1497 2364 »

121 2401 177 2442 Et
205 2396 397 2442 eamdem
429 2395 712 2459 quaestionem
748 2392 1056 2438 difficillimam
1088 2400 1278 2436 tractans
1308 2408 1318 2435 ε
1345 2395 1498 2437 «Cum

122 2468 272 2513 hocin
293 2467 456 2512 mundo
472 2503 483 2524 ,
511 2465 654 2528 inquit
677 2502 688 2521 ‚
708 2463 854 2509 nullus
879 2463 934 2508 sit
954 2462 1030 2526 qui
1049 2461 1255 2507 immunis
1280 2462 1337 2507 sit
1355 2480 1380 2508 a
1401 2480 1502 2525 pec-

172 2566 186 2590 1
200 2566 271 2600 Lib.
301 2577 334 2601 2.
348 2566 384 2598 in
397 2577 465 2610 cap.
483 2568 513 2598 3.
526 2569 617 2597 Lucae
630 2576 664 2597 11.
682 2571 716 2602 4.
735 2564 775 2597 de
791 2564 866 2597 Jesu
885 2562 1109 2606 baptizato.-
1122 2560 1138 2584 2
1153 2564 1250 2595 Rom.
1266 2567 1316 2601 ¹11,
1332 2572 1388 2602 19,
1401 2573 1502 2597 20.—

125 2621 141 2648 3
157 2624 231 2660 lsai.
257 2634 290 2666 ι,
306 2634 338 2656 2.
357 2641 402 2649 —
415 2621 432 2646 ⁴
448 2634 462 2654 1
480 2625 648 2667 Joau21n,
667 2633 699 2663 9.
