1843 3190
338 268 430 315 320
759 280 792 310 s,
837 275 1081 311 Aucusnm
1116 277 1321 312 Errscom

337 348 466 394 bonis
498 357 540 392 et
564 345 701 392 malis,
734 344 934 391 Praedica
965 345 1097 405 igitur
1125 345 1414 410 iniquissimas
1445 356 1704 410 potestates,

337 418 442 482 quia
481 434 559 480 per
581 416 695 478 ipsas
721 414 835 460 mala
860 415 1163 462 retribuuntur
1191 415 1314 461 malis
1338 434 1349 461 ε
1376 417 1453 480 qui
1478 427 1709 480 propterea

341 485 739 550 concupiscentiam
772 484 986 548 praedicas
1010 487 1174 543 carniS,
1197 486 1299 550 quia
1327 487 1621 533 inobedientia
1638 505 1709 532 re—

336 557 504 603 tributa
528 567 589 602 est
618 555 924 602 inobedientiae
949 558 1203 620 peccatoris.
1230 556 1382 603 Lauda
1400 557 1601 620 iniquum
1637 575 1709 603 re-

338 644 432 689 gem
460 627 661 683 Saulem,
683 626 787 690 quia
819 637 860 672 et
888 627 981 690 ipse
1003 627 1087 673 fuit
1115 644 1249 691 poena
1279 629 1557 691 peccantium
1576 665 1586 682 ,
1614 631 1708 673 Do-

336 698 456 743 mino
481 698 650 744 dicente
678 715 688 742 :
719 718 739 738 «
760 697 872 743 Dedi
909 698 991 743 tibi
1020 715 1161 758 regem
1187 699 1233 744 in
1267 699 1333 744 ira
1354 698 1487 745 mea1.
1513 720 1534 740 »
1557 697 1709 743 Lauda

337 767 605 814 daemonjum
635 767 754 830 quod
775 784 844 812 rex
863 767 955 829 ipse
988 768 1257 830 patiebatur,
1284 769 1387 831 quia
1406 779 1448 813 et
1464 768 1552 813 hoc
1575 783 1710 830 poena

336 837 478 883 fuerat
505 839 765 901 peccatoris.
790 837 942 882 Lauda
965 837 1204 882 caecitatem
1229 837 1373 883 cordis
1394 855 1494 900 quae
1517 854 1564 882 ex
1587 847 1710 900 parte

338 908 476 953 Israel
495 908 609 954 facta
624 908 720 954 est2.
750 908 839 953 Nec
860 918 1028 954 tacetur
1046 925 1180 971 quare
1203 926 1213 953 ε
1242 929 1262 950 «
1288 910 1435 954 Donec
1452 907 1679 971 plenitudo
1696 945 1705 963 ‚

337 999 358 1020 >2
383 977 551 1041 inquit,
569 978 761 1038 gentium
778 977 957 1024 intraret
971 977 1002 1024 3.
1031 999 1051 1019 >1
1075 978 1168 1024 Nisi
1190 977 1301 1024 forte
1324 977 1504 1023 etistam
1527 993 1710 1040 poenam

337 1048 516 1108 negabis
541 1065 626 1094 esse
642 1085 653 1104 ,
679 1065 811 1111 quam
827 1085 838 1105 ,
866 1049 900 1094 si
926 1048 1036 1094 lucis
1062 1049 1243 1095 internae
1268 1059 1434 1094 amator
1454 1065 1560 1093 esses
1577 1085 1588 1104 ,
1619 1064 1710 1093 non

336 1119 477 1165 solum
496 1119 684 1183 aliquam
699 1157 710 1174 ‚
733 1119 806 1166 sed
824 1120 950 1166 valde
971 1137 1171 1181 magnam
1186 1138 1365 1184 poenam
1383 1137 1468 1166 esse
1485 1119 1702 1165 clamares.

338 1190 396 1235 At
415 1190 496 1236 ista
515 1190 689 1236 caecitas
710 1190 793 1236 fuit
811 1191 857 1236 in
890 1191 915 1234 J
920 1190 1057 1236 udaeis
1089 1191 1248 1251 grande
1269 1189 1584 1237 incredulitatis
1611 1206 1709 1234 ma·-

335 1260 427 1306 lum
451 1272 493 1306 et
523 1261 697 1321 grandis
721 1278 848 1307 causa
873 1263 1073 1324 peccati,
1102 1272 1150 1307 ut
1182 1261 1430 1307 occiderent
1462 1260 1702 1306 Christum.

336 1334 470 1378 Istam
503 1331 744 1378 caecitatem
771 1331 805 1376 si
828 1348 1008 1395 poenam
1031 1332 1160 1378 fuisse
1184 1332 1403 1392 negaveris
1421 1369 1432 1386 ‚
1467 1330 1647 1375 similem
1668 1340 1709 1375 te

335 1405 506 1469 perpeti
530 1404 659 1450 etiam
680 1421 768 1449 non
787 1403 996 1448 confitens
1020 1402 1247 1449 indicabis.
1281 1403 1326 1447 Si
1361 1412 1503 1447 autem
1528 1417 1709 1464 poenam

335 1475 511 1539 quidem
530 1475 658 1520 fuisse
671 1511 682 1530 ,
712 1474 783 1519 sed
802 1473 974 1536 peccati
994 1489 1173 1535 poenam
1190 1489 1280 1518 non
1307 1472 1432 1517 fuisse
1451 1471 1678 1518 contendis
1694 1489 1705 1521 ;

335 1546 508 1592 interim
524 1545 668 1590 fateris
688 1582 698 1600 ‚
724 1543 844 1607 quod
860 1560 996 1588 unum
1017 1543 1182 1606 aliquid
1196 1553 1236 1588 et
1256 1553 1485 1606 peccatum
1506 1558 1592 1587 esse
1610 1558 1709 1604 pos-

335 1616 390 1662 sit
405 1627 446 1662 et
459 1632 593 1679 poena
616 1632 626 1659 :
649 1615 683 1659 si
703 1624 846 1659 autem
860 1630 949 1658 non
965 1623 1026 1658 est
1035 1613 1135 1659 haec
1149 1630 1283 1676 poena
1303 1613 1494 1676 peccati,
1511 1610 1708 1675 profecto

337 1687 487 1750 iniqua
508 1703 643 1750 poena
669 1696 732 1731 est
747 1722 758 1741 ‚
785 1695 828 1730 et
851 1684 1061 1744 injustum
1092 1683 1199 1729 facis
1228 1684 1368 1728 Deum
1383 1721 1393 1739 ‚
1421 1699 1508 1745 quo
1526 1682 1708 1742 jubente

335 1757 404 1804 vel
427 1757 619 1811 sinente;
644 1766 716 1801 aut
736 1755 962 1802 infirmum
984 1792 994 1811 ‚
1016 1770 1103 1817 quo
1126 1771 1213 1799 non
1236 1764 1451 1799 avertente
1465 1789 1475 1808 ‚
1498 1751 1710 1811 infligitur

334 1827 569 1873 innocenti.
597 1825 730 1882 Quod
751 1825 785 1870 si
803 1825 933 1870 etiam
956 1841 1136 1887 poenam
1171 1823 1342 1887 peccati
1366 1840 1450 1868 esse
1471 1821 1674 1867 concedis
1693 1858 1704 1877 ,

333 1914 387 1943 ne
424 1897 512 1943 hoc
535 1913 625 1941 non
648 1894 928 1941 concedendo
957 1905 1004 1940 tu
1024 1895 1115 1958 ipse
1149 1894 1280 1939 corde
1304 1910 1445 1939 caecus
1471 1909 1705 1955 appareas3

335 1967 435 2014 vide
454 1972 546 2028 jam
569 1967 689 2030 quod
715 1965 861 2012 videre
887 1965 1063 2011 nolebas
1081 2002 1091 2019 ‚
1116 1966 1241 2010 istam
1267 1981 1400 2028 quam
1433 1963 1609 2008 movisti
1634 1979 1707 2007 so-

328 2037 471 2084 lutam
490 2055 575 2083 esse
591 2037 875 2101 quaestionem
899 2053 909 2081 ε
929 2036 1034 2099 quia
1061 2035 1173 2081 sicut
1195 2034 1396 2080 diabolus
1420 2043 1549 2095 atque
1570 2032 1708 2092 angeli

333 2112 424 2169 ejus
449 2119 490 2154 et
508 2109 612 2154 mali
638 2125 754 2168 reges
772 2145 783 2157 ,
819 2124 907 2152 non
933 2106 1071 2152 solum
1103 2106 1188 2169 ipsi
1206 2116 1454 2169 peccatores
1478 2114 1578 2149 sunt
1594 2140 1604 2159 ‚
1633 2101 1708 2148 sed

332 2195 412 2241 per
435 2179 649 2238 Justitiam
670 2176 749 2223 Dei
773 2178 886 2222 fiunt
907 2176 1036 2222 etiam
1061 2175 1279 2238 supplicia
1299 2184 1578 2238 peccatorum
1594 2210 1604 2229 ‚
1628 2188 1708 2217 nec

334 2247 432 2293 ideo
449 2249 579 2294 laude
601 2258 701 2294 sunt
717 2246 864 2306 digni,
892 2247 992 2308 quia
1013 2262 1147 2309 poena
1173 2263 1221 2290 ex
1242 2244 1325 2290 illis
1352 2248 1469 2304 justa
1496 2242 1707 2301 infligitur

334 2316 496 2377 dignis3
530 2320 590 2363 sic
621 2318 686 2363 lex
708 2318 752 2362 in
781 2316 988 2361 membris
1019 2332 1264 2378 repugnans
1283 2314 1366 2373 legi
1389 2311 1593 2365 mentis&
1618 2328 1707 2356 non

333 2387 430 2433 ideo
453 2388 546 2450 ipsa
577 2391 693 2446 juste
712 2386 824 2446 agit,
849 2385 952 2448 quia
986 2389 1076 2445 ejus
1109 2385 1185 2447 qui
1205 2385 1289 2444 egit
1312 2384 1469 2443 injuste
1495 2398 1628 2444 poena
1654 2381 1707 2425 sit

325 2462 458 2518 justa.
492 2461 548 2502 Et
571 2458 680 2502 sicut
706 2457 876 2502 caecitas
893 2455 1061 2511 cordis,
1090 2472 1222 2517 quam
1246 2454 1360 2499 solus
1382 2463 1576 2499 removet
1600 2451 1705 2496 illu-

334 2530 520 2575 minator
539 2528 654 2574 Deus
667 2565 678 2585 ‚
704 2538 746 2573 et
770 2536 1000 2590 peccatum
1013 2536 1075 2571 est
1089 2563 1100 2583 ,
1121 2542 1208 2589 quo
1232 2525 1278 2570 in
1295 2526 1435 2570 Deum
1453 2540 1540 2569 non
1560 2520 1703 2568 eredi-

379 2610 390 2635 ¹
408 2614 502 2645 Osee.
516 2622 591 2650 xm,
608 2623 661 2646 ιι,
682 2629 726 2636 -
741 2608 757 2633 2
779 2620 794 2642 1
813 2612 891 2651 Reg.
913 2615 1052 2649 xvr,14.
1068 2628 1110 2634 -—
1130 2606 1144 2631 3
1164 2611 1257 2641 Rom.
1274 2619 1318 2646 xi,
1340 2607 1442 2638 25'.—
1461 2604 1535 2637 41d.
1553 2605 1681 2643 v11‚23.
