1843 3190
251 315 426 348 CONTRA
461 313 689 348 :IULIANUM
724 313 1029 357 PELAGIANUM,
1067 315 1155 348 nn.
1198 317 1257 348 ιν.
1345 301 1436 366 ‘289

57 380 177 428 tebat
197 382 313 428 enim
337 398 436 429 eum
461 398 540 429 cur
564 392 670 428 esset
685 398 812 441 grave
836 384 991 441 jugum
1009 396 1138 444 super
1156 379 1269 426 filios
1297 380 1438 427 Adam

56 469 79 497 a
93 451 162 498 die
183 452 318 498 exitus
337 452 391 498 de
410 462 558 500 ventre
580 452 730 498 matris
750 468 917 508 eorum,
938 451 1131 514 usquein
1149 450 1264 496 diem
1286 451 1437 513 sepul-

53 533 165 569 turae
184 524 227 569 in
243 534 423 569 matrem
444 522 639 568 omnium
653 521 672 551 1
693 539 704 568 ε
721 522 825 586 quia
848 521 978 567 sacris
991 521 1165 567 Litteris
1180 537 1266 566 non
1283 520 1437 566 erudi-

56 602 144 650 tus,
169 593 400 653 ignorabat
417 592 622 652 originale
650 601 896 655 peccatum.
922 590 969 636 Si
997 600 1141 636 autem
1158 589 1211 635 de
1227 589 1430 646 libidine,

53 679 185 725 quam
211 662 421 720 defendis,
443 663 552 708 bene
586 663 779 720 sentiret,
799 678 887 707 non
911 660 949 707 ei
977 676 1144 724 pronus
1163 660 1210 705 in
1231 658 1436 705 libidines

54 733 222 779 animus
245 734 510 798 displiceret.

117 804 236 851 LXI.
268 805 353 850 Sed
373 805 408 850 si
441 804 542 850 haec
577 813 787 866 tanquam
810 802 979 848 minora
1011 802 1129 848 bona
1156 800 1366 858 defendis,
1390 800 1437 847 in

50 888 152 935 quae
178 891 267 919 non
293 874 423 920 debet
443 891 467 919 a
503 873 699 937 supernis
723 873 890 919 animus
908 872 1126 929 inclinari,
1151 888 1239 917 non
1254 872 1355 935 quia
1378 871 1438 917 li-

53 942 163 988 bido
187 944 344 990 vitium
366 955 446 1001 est,
475 944 546 990 sed
567 944 669 1006 quia
699 943 899 988 infimum
926 943 1093 988 bonum
1120 978 1132 998 ,
1153 941 1254 987 audi
1291 942 1431 987 mani-

46 1011 224 1059 festiora
249 1031 349 1077 quae
377 1014 495 1060 dicat
517 1015 562 1059 in
577 1013 727 1059 eodem
747 1013 844 1077 ipso
862 1013 976 1058 libro
1006 1013 1058 1058 de
1076 1011 1324 1075 Republica
1342 1021 1434 1057 ter-

46 1081 126 1138 tio,
166 1100 267 1130 cum
291 1094 434 1144 ageret
470 1083 523 1130 de
560 1100 688 1129 causa
725 1082 989 1146 imperandi.
1029 1103 1049 1123 «
1068 1083 1242 1138 Annon,
1270 1081 1431 1145 inquit,

46 1153 262 1199 cernimus
301 1154 468 1217 optimo
497 1153 654 1216 cuique
676 1152 950 1198 dominatum
971 1152 1026 1198 ab
1043 1152 1136 1214 ipsa
1152 1161 1308 1196 natura
1331 1167 1434 1196 cum

45 1239 214 1271 summa
231 1225 428 1303 utilitate
445 1225 575 1270 infir]
566 1240 721 1269 iorum
742 1223 921 1269 datum.
912 1227 930 1259 ’ὖ
946 1223 1039 1268 Cur
1059 1222 1192 1282 igitur
1217 1224 1331 1299 Deus
1347 1221 1435 1267 ho-

43 1374 84 1409 et
109 1366 273 1411 caeteris
292 1366 456 1413 vitiosis
470 1364 662 1425 ejusdem
693 1364 826 1410 animi
859 1364 1206 1428 partibuSPJam-
1191 1380 1263 1409 -ne
1280 1362 1431 1409 saltem

41 1433 223 1481 docente
242 1436 324 1482 isto
354 1437 450 1489 has,
472 1453 579 1500 quas
592 1436 731 1481 bonas
754 1452 840 1481 esse
858 1434 1071 1490 defendis,
1087 1434 1261 1480 vitiosas
1286 1443 1430 1497 partes

44 1504 179 1551 animi
198 1506 424 1552 confiteris
440 1509 457 1552 Ρ
475 1505 672 1552 «Adhuc
692 1505 809 1553 audi.
836 1505 971 1551 Paulo
989 1505 1229 1568 postenim:
1249 1503 1367 1549 «Sed
1383 1513 1426 1549 et

39 1573 303 1638 imperandi,
318 1587 359 1622 et
375 1576 607 1633 serviendi,
622 1576 785 1640 inquit,
814 1586 915 1622 sunt
938 1574 1308 1620 dissimilitudines
1327 1591 1427 1634 cog-

39 1645 282 1694 noscendae.
316 1648 427 1693 Nam
441 1657 490 1693 ut
508 1648 675 1692 animus
689 1646 864 1709 corpori
879 1645 1286 1708 diciturimperare,
1311 1643 1428 1690 dici-

40 1723 112 1760 tur
131 1716 259 1762 etiam
301 1716 478 1763 libidini
508 1734 518 1762 :
548 1716 621 1762 sed
645 1716 839 1780 corpori,
869 1726 917 1762 ut
935 1733 1005 1761 rex
1024 1714 1194 1760 civibus
1226 1714 1313 1759 suis
1350 1724 1424 1759 aut

15 1799 18 1803 ⁴
38 1801 97 1848 pa
108 1803 205 1832 rens
222 1787 392 1845 liberis3
416 1787 594 1834 libidini
617 1797 778 1844 autem,
815 1797 865 1833 ut
889 1786 1017 1833 servis
1040 1785 1265 1841 dominus,
1302 1784 1422 1848 quod

36 1872 130 1901 eam
164 1862 339 1904 coercet
359 1869 400 1904 et
427 1857 603 1918 frangit.
629 1858 702 1904 Sic
720 1874 889 1918 regum,
913 1857 974 1903 sic
1010 1856 1342 1919 imperatorum,
1359 1855 1421 1901 sic

34 1927 384 1985 magistratuum,
412 1928 473 1974 sic
495 1938 694 1991 patrum,
724 1928 783 1973 sic
808 1927 1077 1991 populorum
1091 1926 1275 1989 imperia
1298 1926 1410 1971 civi-

33 1993 117 2041 bus
141 1997 352 2061 sociisque
387 2009 584 2062 praesunt
600 2035 611 2053 ,
647 2008 696 2043 ut
730 1997 991 2060 corporibus
1021 1996 1190 2042 animus
1213 2013 1224 2040 t
1248 1995 1417 2041 domini

35 2076 181 2113 autem
205 2085 347 2115 servos
370 2069 429 2115 ita
455 2069 653 2129 fatigant,
688 2079 736 2114 ut
777 2068 943 2131 optima
972 2085 1075 2131 pars
1101 2067 1250 2122 animi,
1268 2066 1313 2112 id
1331 2077 1409 2122 est,

33 2137 243 2198 sapientia
262 2138 450 2198 ejusdem
473 2139 607 2184 animi
623 2139 796 2185 vitiosas
830 2138 1156 2202 imbecillasque
1178 2147 1339 2200 partes,
1364 2147 1413 2182 ut

31 2204 252 2264 libidines,
276 2219 324 2254 ut
339 2208 603 2263 iracundias,
624 2219 672 2253 ut
688 2208 1040 2271 perturbationes
1060 2218 1252 2253 caeteras.
1273 2229 1293 2249 »
1313 2207 1409 2251 Ha-

32 2275 182 2323 bes-ne
207 2279 354 2325 adhuc
371 2279 490 2343 quod
519 2290 670 2325 contra
693 2296 770 2324 nos
803 2278 857 2324 de
874 2278 1151 2324 saecularium
1166 2277 1410 2323 litterarum

32 2349 285 2395 auctoribus
306 2351 495 2410 gairiasP
531 2350 617 2396 Sed
645 2350 678 2395 si
701 2360 851 2395 contra
873 2349 1102 2427 episcopos
1121 2349 1332 2412 Eloquloi
1336 2366 1410 2395 um

0 2428 1 2434 ’
32 2415 279 2466 divinorum
303 2421 660 2483 praeclarissimos
682 2430 959 2475 tractatores,
987 2438 1068 2484 pro
1090 2420 1171 2465 isto
1203 2420 1361 2484 (quem
1388 2438 1411 2466 a

0 2487 2 2541 ζ
30 2496 73 2533 te
98 2489 213 2535 Deus
236 2492 426 2553 avertat)
449 2508 591 2536 errore
632 2491 894 2554 quaesiturus
919 2507 960 2535 es
977 2488 1083 2554 quid
1109 2489 1244 2544 dicas,
1272 2506 1413 2552 quove

0 2547 162 2604 modo
182 2559 355 2607 illorum
382 2561 602 2608 sanctitati
628 2561 828 2616 resista53
866 2560 974 2625 quid
994 2560 1075 2606 tibi
1111 2560 1191 2605 erit
1215 2561 1385 2606 Tullius

83 2641 95 2665 ¹
115 2642 283 2681 Eccli.x1.‚
306 2656 333 2677 1.

203 2714 332 2744 CXLII.
1208 2712 1265 2762 19
