1843 3190
254 363 426 395 CONTRA
460 361 685 395 JULIANUM
719 360 1026 402 PELAGIANUM‚
1065 360 1152 392 LIB.
1196 360 1266 390 111.
1341 359 1425 391 201

0 421 1 426 ¹
61 441 150 485 tur,
170 428 500 476 foecunditatem
522 445 622 492 quae
646 427 810 484 defuit,
847 427 932 473 suis
955 428 1095 473 Deum
1120 425 1291 471 famulis
1312 442 1432 488 prae-

61 498 222 545 stitisse.
249 499 359 543 Duae
376 500 540 562 quippe
562 514 703 543 causae
720 497 949 553 dicuntur5
969 507 1151 559 propter
1164 512 1269 558 quas
1286 512 1436 557 parere

63 569 168 613 Sara
187 585 274 613 non
294 579 484 631 poterat,
511 578 552 613 et
566 578 655 612 erat
678 567 808 613 vulva
831 571 922 627 ejus
937 577 1133 611 emortua
1161 583 1170 610 ε
1202 582 1287 610 una
1311 565 1437 609 steri-

60 638 192 683 litatis
210 675 220 693 ,
239 655 340 700 quae
364 638 419 683 ab
442 639 536 702 ipsa
555 638 693 683 inerat
715 641 970 697 juventute3
1007 637 1138 681 altera
1161 635 1299 680 aetatis
1315 671 1325 689 ,
1351 651 1438 679 non

61 707 163 770 quia
185 707 420 765 nonaginta
447 724 580 752 annos
607 707 786 766 agebat,
810 706 882 751 sed
900 705 1002 768 quia
1017 708 1109 764 jam
1131 703 1383 749 destiterant
1400 703 1439 748 ei

0 819 2 833 s
62 776 154 822 fieri
174 775 440 822 muliebria'l.
475 779 658 821 Constat
679 776 794 821 enim
823 775 856 819 si
885 775 1116 820 mulierum
1137 783 1354 819 menstrua
1378 789 1439 817 se-

1 877 5 895 ,
63 855 180 891 creta
207 845 464 891 cessaverint
491 863 570 907 per
603 856 802 902 aetatem,
826 862 915 890 non
947 862 1015 889 eas
1034 848 1125 903 jam
1148 860 1271 906 posse
1296 842 1440 887 conci-

61 932 186 978 pere,
216 915 292 960 etsi
321 914 543 960 foecundae
580 915 786 971 fuerunt,
833 925 1062 977 antequam
1095 913 1169 958 illa
1192 922 1433 958 cessassent.

4 983 6 992 '
65 987 120 1030 Et
141 985 237 1030 ideo
264 986 492 1048 Scriptura
516 986 656 1032 noluit
682 986 769 1031 hoc
791 996 956 1040 tacere,
984 995 1031 1030 ut
1057 994 1281 1044 augeretur
1306 983 1441 1028 mira-

64 1055 154 1101 culi
186 1054 344 1113 gloria‚
384 1055 503 1117 quod
538 1068 628 1101 erat
667 1058 781 1101 Deus
818 1056 863 1101 in
903 1072 1051 1100 eorum
1075 1055 1198 1118 prole
1226 1053 1435 1100 facturus.

6 1160 9 1192 3
65 1124 253 1182 Quando
279 1135 422 1169 autem
459 1141 533 1170 suo
563 1125 657 1171 viro
681 1125 883 1170 ancillam
908 1124 1055 1179 dedit,
1092 1123 1144 1168 de
1162 1139 1248 1186 qua
1271 1122 1437 1178 voluit,

7 1239 9 1259 Σ
65 1194 168 1258 quia
189 1193 294 1239 dese
309 1211 397 1239 non
409 1204 607 1257 poterat,
631 1195 848 1256 suscipere
866 1194 1003 1246 filios;
1029 1210 1117 1238 non
1133 1202 1256 1237 aetate
1276 1191 1439 1246 fuerat,

8 1311 11 1331 ἐ
65 1264 138 1310 sed
159 1281 234 1309 sua
258 1264 479 1310 sterilitate
497 1276 709 1328 permota.
737 1265 809 1310 Sic
831 1264 945 1309 enim
965 1263 1192 1326 Scriptura
1211 1262 1406 1325 loquitur
1428 1279 1437 1306 z

10 1338 11 1341 ’
68 1357 85 1377 «
114 1336 219 1381 Sara
253 1345 395 1380 autem
435 1352 539 1381 uxor
576 1335 802 1382 Abraham
843 1352 931 1380 uon
969 1334 1171 1398 pariebat
1202 1332 1308 1379 illi'2.
1339 1356 1358 1373 >2
1388 1333 1444 1376 Et

9 1416 13 1467 j·
66 1405 199 1451 verba
216 1409 306 1465 ejus
325 1405 379 1451 ad
395 1406 536 1452 virum
553 1407 634 1453 ista
657 1417 758 1451 sunt
778 1423 788 1450 ε
808 1427 828 1446 α
844 1407 957 1452 Ecce
975 1403 1190 1451 conclusit
1207 1420 1274 1449 me
1289 1406 1406 1448 Deus
1425 1439 1435 1456 ‚

66 1495 87 1517 »
111 1485 160 1520 ut
182 1492 270 1520 non
282 1475 495 1538 pariamss.
522 1498 541 1518 »
563 1477 689 1522 Tunc
710 1486 854 1521 autem
879 1475 913 1520 si
931 1485 1102 1520 aetatem
1125 1472 1444 1520 consideremus

11 1554 13 1597 ξ
67 1544 323 1600 amborum,
356 1544 567 1608 decrepiti
591 1556 756 1602 essent,
794 1545 827 1590 si
853 1546 987 1590 nostri
1014 1543 1220 1606 temporis
1245 1541 1443 1587 homines

11 1609 13 1622 ⁴
65 1625 216 1665 essent,
255 1616 359 1660 Erat
393 1615 506 1660 enim
533 1616 758 1661 Abraham
788 1631 1001 1661 annorum
1025 1615 1197 1660 circiter
1224 1611 1444 1671 octoginta

13 1695 16 1750 ξ
65 1684 260 1747 quinque
283 1721 292 1739 ,
340 1684 447 1730 Sara
485 1696 628 1730 autem
670 1703 883 1731 annorum
922 1684 1194 1747 septuaginta
1228 1682 1437 1745 quinque.

14 1779 16 1782 >
67 1754 290 1816 Scriptum
308 1764 370 1799 est
391 1754 505 1799 enim
528 1772 538 1799 ε
567 1776 587 1796 «
608 1755 834 1801 Abraham
854 1766 995 1800 autem
1020 1765 1109 1798 erat
1131 1768 1345 1798 annorum
1369 1767 1439 1796 oc-

69 1844 90 1864 »
116 1825 278 1882 togiuta
296 1841 386 1880 sex,
408 1841 509 1869 cum
525 1826 695 1888 peperit
715 1827 828 1884 Agar
847 1818 1006 1869 Istna'el
1028 1822 1267 1869 Abrahae&
1298 1843 1318 1862 »
1339 1822 1444 1865 Pro-

67 1892 169 1938 inde
185 1904 280 1938 ante
303 1910 467 1939 annum
486 1894 619 1940 ferme
635 1895 788 1940 mixtus
806 1895 1025 1940 invenitur
1050 1892 1244 1947 ancillae,
1269 1889 1446 1954 quaudo

69 1974 307 2026 conceptus
329 1974 390 2009 est
411 1964 582 2012 Ismae'l.
614 1966 703 2022 Qui
724 1965 899 2011 tandem
919 1967 1123 2024 conjuges
1145 1963 1192 2007 iu
1216 1961 1300 2006 hac
1321 1971 1446 2006 aetate

69 2044 271 2092 generant
299 2034 570 2097 temporibus
601 2036 759 2081 nostris
778 2073 789 2092 ‚
818 2034 900 2080 nisi
924 2034 1133 2080 divinitus
1156 2032 1232 2076 fiat
1255 2031 1337 2077 tale
1361 2032 1449 2076 rni-

69 2102 298 2149 raculum?
339 2104 394 2148 Et
431 2115 576 2150 tamen
615 2105 677 2151 illi
714 2116 938 2169 poterant,
975 2104 1008 2149 si
1050 2104 1153 2149 Sara
1179 2101 1330 2147 sterilis
1359 2119 1447 2147 non

68 2171 238 2226 fuisset3
265 2174 366 2235 quia
388 2185 430 2219 et
462 2174 534 2220 ille
558 2177 702 2238 potuit
731 2177 784 2221 de
813 2179 943 2234 Agar,
969 2185 1010 2218 et
1034 2173 1107 2218 illa
1133 2172 1330 2218 nondum
1354 2182 1447 2217 erat

70 2245 132 2288 sic
168 2254 293 2289 aetate
316 2261 563 2307 progressa,
596 2256 644 2291 ut
663 2246 700 2291 ei
727 2255 940 2291 cessarent
968 2244 1061 2289 fieri
1086 2242 1331 2289 muliebria.
1375 2241 1445 2287 Ad

69 2313 158 2359 hoc
175 2331 274 2374 ergo
294 2325 383 2360 erat
407 2315 600 2361 Abrahae
623 2332 781 2379 corpus
800 2325 1044 2361 emortuum
1060 2350 1071 2369 ‚
1094 2323 1143 2359 ut
1159 2312 1212 2358 de
1233 2313 1339 2357 Sara
1355 2315 1450 2371 jam

71 2401 269 2445 generare
292 2402 380 2430 non
401 2397 546 2448 posset
563 2422 574 2442 ‚
617 2386 783 2431 etiamsi
807 2395 914 2430 esset
944 2384 1019 2429 illa
1052 2384 1111 2428 ita
1135 2382 1345 2428 foecunda
1361 2419 1371 2438 ‚
1400 2392 1449 2428 ut

72 2464 216 2500 tamen
234 2458 324 2514 jam
348 2455 666 2518 propinquaret
687 2455 829 2511 aetati,
857 2472 943 2518 qua
966 2470 1096 2499 cruor
1126 2452 1197 2498 ille
1222 2452 1450 2498 menstruis

72 2525 307 2571 intervallis
324 2526 469 2571 venire
485 2526 717 2572 desisteret.
740 2526 914 2582 Quibus
928 2525 1041 2570 enim
1053 2528 1147 2585 jam
1165 2523 1342 2569 omnino
1364 2539 1452 2567 non

73 2596 172 2642 fluit
187 2633 198 2652 ,
218 2613 286 2641 eas
307 2596 361 2642 ab
377 2598 628 2643 auctoribus
648 2597 878 2643 medicinae
895 2596 1125 2642 definitum
1145 2606 1207 2641 est
1227 2611 1315 2640 non
1327 2609 1452 2657 posse

121 2681 134 2702 Ι
154 2681 237 2712 Gen.
258 2690 353 2722 xvm,
373 2691 423 2713 ιι.
442 2698 483 2704 -
498 2678 575 2714 21d.
592 2691 658 2719 ΠΙ,
676 2691 765 2713 1.-—
779 2677 889 2722 31bid.
911 2691 940 2710 2.
959 2698 1004 2703 —
1023 2676 1140 2714 ⁴1bid,
1166 2679 1216 2710 16.
