1843 3190
340 230 402 275 56
762 245 797 274 5.
839 242 1084 274 Aneusrrm
1118 242 1320 274 131>1scor1

342 310 539 355 »damus
561 308 628 365 ei,
657 318 699 354 et
716 307 936 372 ploremus
961 319 1060 354 ante
1094 308 1331 354 Dominum
1358 308 1435 371 qui
1469 309 1572 356 fecit
1605 328 1709 368 nos,

341 403 361 423 »
386 381 487 444 quia
505 380 596 443 ipse
614 390 675 425 est
699 381 813 425 Deus
842 391 1001 434 noster,
1025 391 1066 425 et
1086 397 1163 425 nos
1184 379 1376 443 populus
1400 398 1574 443 pascuae
1591 385 1682 441 ejus
1700 418 1711 435 ,

341 473 360 493 »
377 462 419 496 et
436 467 533 495 oves
562 466 711 495 manus
735 448 867 509 ejus‘l.
889 471 908 491 ³)
925 451 1023 512 lpse
1049 450 1181 509 igitur
1203 449 1307 495 facit
1328 467 1445 505 oves,
1463 452 1625 514 quibus
1643 451 1716 496 de-

340 521 494 566 solatas
515 519 696 582 impleat
722 519 930 566 civitates.
970 519 1090 576 Quid
1112 520 1305 566 mirum?
1342 521 1713 584 Quandoquidem

339 591 403 637 illi
426 591 567 636 unicae
587 591 657 636 ovi
681 590 860 646 dicitur,
885 591 972 636 hoc
995 601 1058 635 est
1078 627 1090 646 ‚
1117 591 1324 636 Ecclesiae
1342 629 1353 647 ‚
1375 596 1501 651 cujus
1522 592 1717 637 membra

340 673 441 707 sunt
468 679 615 707 omnes
640 678 737 707 oves
762 661 988 706 homines:
1017 661 1236 717 Quoniam
1272 679 1348 721 ego
1383 679 1477 708 sum
1506 662 1719 707 Dominus

342 733 418 795 qui
444 732 558 778 facio
596 743 650 778 te.
697 732 816 787 Quid
852 732 961 776 mihi
1002 731 1201 777 obtendis
1226 732 1417 778 liberum
1459 733 1686 778 arbitrium
1705 769 1715 784 ,

343 802 463 865 quod
488 802 541 846 ad
575 802 816 846 faciendam
838 802 1051 861 justitiam
1085 801 1272 847 liberum
1294 819 1383 847 non
1406 803 1504 855 erit,
1531 802 1613 847 nisi
1631 802 1720 847 ovis

342 873 501 917 fueris?
525 872 612 927 Qui
650 872 754 916 facit
776 872 909 930 igitur
928 888 1026 916 oves
1050 871 1249 916 homines
1277 908 1288 926 ‚
1319 872 1412 935 ipse
1437 872 1490 917 ad
1510 871 1721 917 obedien—

341 943 445 988 tiam
471 941 644 1004 pietatis
661 941 876 986 humanas
895 941 1052 986 liberat
1077 941 1337 988 voluntates.

407 1012 524 1058 XVI.
559 1011 643 1056 Sed
667 1028 799 1074 quare
816 1011 917 1056 istos
937 1011 1132 1056 homines
1152 1028 1252 1056 oves
1274 1011 1408 1067 facit,
1440 1023 1481 1058 et
1508 1013 1610 1057 istos
1633 1029 1722 1057 non

345 1083 466 1133 facit
494 1082 612 1145 apud
630 1099 757 1145 quem
775 1099 863 1127 non
885 1092 945 1126 est
967 1082 1162 1144 acetptio
1186 1099 1467 1144 personarum
1479 1083 1514 1110 2
1517 1089 1526 1113 ³
1546 1085 1644 1146 Ipsa
1663 1093 1724 1128 est

342 1153 559 1217 quaestio,
588 1170 718 1216 quam
747 1153 898 1198 beatus
924 1153 1156 1215 Apostolus
1180 1153 1390 1198 curiosius
1421 1170 1554 1217 quam
1587 1170 1723 1217 capa-

344 1225 437 1269 cius
460 1224 810 1287 proponentibus
836 1224 918 1272 ait
949 1245 968 1264 α
987 1224 1025 1269 Ο
1051 1224 1185 1268 homo
1207 1234 1255 1268 tu
1284 1224 1383 1287 quis
1409 1241 1451 1268 es
1471 1234 1520 1269 ut
1542 1241 1726 1287 respon»

345 1317 364 1336 ›
381 1295 479 1340 deas
503 1296 627 1339 Deo?
653 1294 878 1356 Numquid
897 1274 1004 1339 dicit
1024 1295 1280 1353 fiomentum
1320 1295 1356 1339 ei
1395 1294 1471 1357 qui
1503 1311 1545 1339 se
1568 1295 1722 1349 finxit,

348 1388 367 1407 »
391 1370 539 1424 Quare
559 1366 619 1409 sic
642 1381 710 1408 me
724 1364 886 1409 fecisti3
903 1368 922 1410 ,³
941 1386 961 1405 »
984 1366 1083 1427 Ipsa
1097 1375 1158 1409 est
1183 1365 1381 1427 quaestio„
1406 1381 1506 1427 quae
1529 1364 1581 1409 ad
1600 1330 1722 1409 illam,

348 1435 531 1498 pertinet
556 1434 850 1488 altitudinem,
872 1451 1002 1496 quam
1024 1434 1269 1496 perspicere
1287 1434 1435 1478 volens
1453 1434 1567 1478 idem
1589 1435 1726 1496 Apos-

344 1505 475 1559 tolus,
501 1503 693 1566 quodam
718 1503 850 1548 modo
870 1504 1057 1566 expavit,
1074 1514 1116 1548 et
1136 1503 1390 1549 exclamavit
1413 1521 1423 1548 ε
1446 1504 1515 1549 «Ο
1540 1503 1726 1548 altitudo

347 1600 367 1617 »
387 1575 640 1620 divitiarum
657 1575 882 1637 sapientiae
904 1585 945 1619 et
963 1575 1155 1619 scientiae
1176 1575 1255 1619 Dei
1273 1592 1282 1618 ε
1309 1591 1439 1636 quam
1455 1574 1727 1620 inscrutabi-

346 1644 443 1689 »lia
479 1654 581 1688 sunt
609 1643 795 1703 judicia·
815 1648 930 1703 ejus,
959 1654 1000 1688 et
1024 1643 1344 1702 investigabiles
1372 1644 1455 1689 viae
1477 1645 1589 1703 eju‘s!
1619 1643 1728 1700 Quis

349 1738 370 1758 >2
390 1715 503 1760 enim
532 1715 738 1773 cognovit
779 1731 947 1759 sensum
977 1714 1186 1769 Domini,
1222 1725 1295 1759 aut
1333 1715 1430 1778 quis
1458 1714 1728 1760 consiliarius

349 1809 369 1830 >2
387 1793 476 1847 eJ‘us
498 1784 611 1831 fuit?
639 1787 725 1831 Aut
743 1786 840 1849 quis
876 1787 999 1849 prior
1029 1785 1150 1831 dedit
1174 1785 1237 1830 illi
1255 1822 1266 1840 ,
1306 1796 1346 1830 et
1370 1786 1636 1831 retribuetur
1657 1785 1726 1830 ei?

350 1857 613 1915 »Quoniam
631 1873 678 1902 ex
699 1856 794 1919 ipso
819 1868 860 1902 et
884 1874 961 1919 per
986 1857 1131 1919 ipsum
1163 1857 1267 1901 etin
1300 1856 1395 1918 ipso
1425 1867 1524 1900 sunt
1547 1856 1692 1901 omnia
1709 1893 1722 1911 ,

350 1929 472 1991 »ipsi
498 1927 633 1987 gloria
663 1927 710 1972 in
744 1927 901 1972 saecula
937 1926 1244 1973 saeculorum&
1266 1947 1287 1968 »
1312 1927 1411 1971 Non
1437 1927 1584 1989 itaque
1602 1927 1725 1972 istam

350 1998 535 2045 scrutari
561 1996 748 2042 audeant
772 1997 1099 2043 inscrutabilem
1123 1996 1408 2061 quaestionem
1429 2033 1439 2051 ‚
1477 1997 1555 2060 qui
1597 1997 1730 2042 meri-

350 2083 446 2115 tum
483 2078 580 2113 ante
610 2068 820 2127 gratiam,
854 2078 895 2112 et
922 2067 1019 2113 ideo
1055 2071 1150 2127 jam
1193 2076 1344 2112 contra
1367 2066 1549 2126 gratiam
1585 2065 1729 2111 defen-

351 2141 499 2186 dentes
516 2176 527 2195 ,
566 2139 730 2201 priores
770 2137 926 2183 volunt
966 2137 1068 2183 dare
1092 2140 1185 2182 Deo
1207 2174 1217 2192 ‚
1254 2146 1302 2182 ut
1335 2136 1605 2181 retribuatur
1641 2136 1727 2188 eis;

351 2211 515 2274 priores
549 2209 699 2270 utique
727 2207 830 2254 dare
852 2208 1085 2272 quodlibet
1110 2225 1158 2253 ex
1185 2207 1324 2253 libero
1361 2206 1544 2251 arbitrio
1563 2243 1573 2259 ‚
1604 2217 1652 2252 ut
1677 2205 1732 2251 sit

352 2281 489 2342 oratia
509 2279 790 2323 retribuenda
810 2296 891 2342 pro
912 2281 1123 2342 praemiog
1150 2289 1192 2324 et
1218 2278 1431 2341 sapienter
1448 2276 1727 2337 intelligant,

351 2351 420 2398 vel
447 2349 632 2395 fideliter
654 2349 866 2405 creda‚nt
895 2350 1022 2395 etiam
1047 2349 1168 2427 quod
1204 2365 1246 2394 se
1275 2357 1434 2411 putant
1463 2347 1627 2410 priores
1650 2347 1731 2393 de-

350 2423 477 2478 disse,
502 2420 557 2466 ab
574 2420 650 2465 illo
673 2437 720 2466 ex
744 2438 832 2484 qno
857 2432 957 2466 sunt
975 2421 1137 2476 omnia,
1165 2437 1244 2483 per
1266 2436 1398 2483 quem
1428 2429 1527 2463 sunt
1562 2419 1727 2474 omnia,

350 2496 398 2541 in
416 2509 504 2558 quo
524 2501 626 2538 sunt
644 2492 816 2549 omnia
842 2493 1100 2556 percepisse.
1130 2491 1223 2539 Cur
1247 2500 1392 2537 autem
1414 2489 1492 2535 iste
1516 2490 1730 2554 accipiat,

398 2578 410 2600 ¹
429 2575 511 2611 Psal.
531 2585 615 2612 κων,
633 2576 666 2615 6,
689 2588 722 2616 7.
740 2592 785 2600 —
802 2573 817 2599 2
834 2579 931 2612 Rom.
956 2583 992 2616 1¹,
1013 2588 1064 2610 11.
1082 2593 1126 2602 —
1148 2572 1294 2615 31d.1x,
1313 2585 1365 2607 20.
1382 2589 1426 2599 —
1445 2569 1460 2596 4
1474 2572 1526 2608 Id.
1543 2582 1589 2612 xl,
1607 2574 1666 2606 33.
