1843 3190
273 319 448 350 coNTRA
484 318 710 350 summum
746 316 1051 361 PELAGIANUM,
1089 321 1177 351 mss.
1221 320 1280 352 1v.
1356 306 1448 370 295

77 376 258 433 vocatur
279 381 445 440 libido,
472 382 545 429 sed
581 382 712 428 fames
748 394 822 428 aut
848 384 937 429 sitis
960 401 970 428 :
997 400 1096 429 cum
1119 384 1222 430 vero
1247 386 1449 449 s'u'p'p'leta

75 452 324 501 necessitate
338 471 458 500 amor
475 452 630 499 edendi
649 453 841 498 animum
861 453 1082 510 sollicitat,
1097 457 1188 514 jam
1206 454 1346 500 libi'do
1364 467 1444 511 est,

69 529 162 587 jam
178 525 342 570 malum
361 535 445 580 est,
471 523 542 569 cui
561 523 803 569 cedendum
828 540 915 569 non
933 533 1019 581 est,
1044 523 1117 569 se‘d
1142 518 1441 572 resistendum.

76 596 185 642 Haec
203 595 291 649 duo
306 632 318 652 ,
345 595 391 640 id
415 605 493 651 est,
523 593 682 639 famem
708 604 750 640 et
772 588 929 640 edendi
952 604 1141 639 amorem
1160 595 1289 640 etiam
1313 596 1452 642 Poe'ta

76 662 307 722 discrevit,
331 665 407 729 qui
429 675 528 728 post
551 665 682 710 maris
693 665 975 725 jactationem
995 701 1005 720 ‚
1033 663 1157 709 sociis
1179 665 1320 710 AEneae
1337 668 1451 711 nau-

73 735 203 796 fragis
223 746 266 782 et
282 735 519 799 peregrinis
537 735 637 781 satis
655 752 739 780 esse
765 735 968 794 judicans
992 744 1161 780 tantum
1185 747 1350 781 sumere
1369 735 1451 781 ali-

76 812 341 863 mentorum,
358 816 573 870 quantum
589 805 833 851 refectionis
846 805 1084 865 indigentia
1100 805 1355 869 postularet,
1374 804 1449 860 ait,

234 940 406 981 Postquam
422 942 568 982 exempta
585 937 681 970 fames
697 937 801 981 epulis
815 961 823 977 ‚
842 947 1022 979 mensaeque
1041 942 1171 970 remotae
1187 938 1215 972 ¹.

76 1049 189 1093 Cum
211 1054 313 1092 vero
331 1045 479 1090 AEneas
495 1044 587 1107 ipse
611 1044 665 1089 ab
686 1043 890 1089 Evandro
911 1060 1007 1103 rege
1026 1053 1251 1106 susceptus
1268 1053 1330 1089 est
1352 1042 1453 1089 hos-

74 1134 168 1181 pes,
184 1115 408 1162 decentius
426 1115 659 1160 arbitratus
674 1115 904 1177 ampliores
920 1113 1114 1160 exhiberi
1127 1106 1278 1178 epulas
1294 1112 1448 1173 regias,

77 1203 209 1251 quam
230 1184 456 1232 necessitas
471 1195 693 1250 posceret,
720 1202 809 1231 non
831 1185 930 1230 satis
950 1183 1035 1229 fuit
1055 1193 1105 1229 ut
1126 1182 1289 1228 diceret
1307 1199 1319 1227 ς

217 1311 388 1352 Postquam
403 1314 550 1353 exempta
568 1309 681 1348 fames,

77 1373 150 1439 sed
172 1391 369 1449 addidit,

784 1487 824 1516 Et
840 1495 929 1517 amor
944 1493 1142 1525 compressus
1155 1482 1270 1515 edendi
1283 1481 1310 1515 ².

78 1596 254 1654 Quanto
275 1596 411 1655 magis
436 1612 515 1640 nos
534 1595 774 1641 discernere
795 1612 844 1641 ac
862 1611 986 1641 nosse
1009 1592 1238 1651 debemUS‚
1260 1592 1369 1656 quid
1385 1595 1453 1639 ne-

77 1665 245 1711 cessitas
267 1665 531 1721 refectionis,
557 1665 666 1728 quid
686 1664 827 1710 libido
847 1663 1070 1710 edacitatis
1089 1661 1290 1727 exposcat
1304 1699 1316 1720 2
1343 1658 1453 1730 quo-

76 1752 176 1781 rum
193 1735 413 1795 negotium
431 1745 494 1780 est
511 1746 663 1780 contra
689 1734 1070 1798 concupiscentem
1102 1736 1274 1779 carnem
1298 1733 1454 1797 spiritu

78 1806 411 1868 concupiscere,
440 1815 483 1850 et
505 1804 794 1851 condelectari
812 1805 895 1865 legi
914 1804 994 1850 Dei
1017 1802 1257 1850 secundum
1279 1798 1456 1853 interio-

78 1891 168 1920 rem
203 1875 449 1930 hominem,
487 1878 664 1937 ejusque
699 1874 995 1921 delectationis
1027 1874 1295 1920 serenitatem
1325 1854 1457 1925 nullis

78 1944 320 1999 libidinosis
335 1944 698 1990 delectationibus
712 1945 926 1992 nubilare.
947 1946 1056 1997 Nam
1074 1939 1151 1990 iste
1166 1945 1286 1996 amor
1300 1932 1457 1990 edendi

79 2032 169 2077 non
189 2014 357 2073 edendo
372 2052 385 2072 ,
405 2015 479 2079 sed
502 2015 766 2060 continendo
787 2026 850 2069 esj:
872 2002 1242 2078 comprimendus,
1372 2065 1375 2066 ⁷

144 2087 310 2133 LXIII.
353 2085 462 2143 Quis
480 2097 623 2132 autem
645 2097 786 2132 mente
810 2086 981 2132 sobrius
1000 2103 1089 2132 non
1109 2076 1282 2141 mallet,
1308 2080 1343 2130 si
1364 2080 1458 2145 fieri

81 2166 242 2220 posset,
271 2155 361 2201 sine
400 2155 488 2200 ulla
520 2155 716 2201 mordaci
754 2156 978 2219 voluptate
1016 2154 1196 2211 carnali,
1239 2154 1307 2200 vel
1343 2147 1463 2200 arida

81 2243 248 2273 sumere
269 2225 490 2281 alimenta,
504 2226 573 2272 vel
589 2226 791 2284 humida,
824 2227 936 2273 sicut
958 2221 1167 2279 sumimus
1184 2222 1282 2271 haec
1307 2220 1426 2288 a‘e'ria
1442 2260 1454 2280 ‚

84 2313 184 2360 quae
207 2295 261 2342 de
279 2295 553 2342 circumfusis
588 2297 699 2342 auris
727 2295 979 2360 respirando
1011 2307 1056 2342 et
1077 2274 1284 2360 spirando
1307 2291 1460 2340 sorbe-

83 2383 180 2413 mus
199 2377 241 2412 et
261 2365 512 2413 fundimus?
534 2367 666 2424 Quod
691 2367 943 2414 alimentum
959 2404 971 2424 ,
999 2383 1100 2413 cum
1113 2362 1193 2423 ,oie
1213 2360 1264 2420 ac
1281 2347 1463 2411 naribiis

84 2437 175 2484 sine
197 2437 429 2484 cessatione
446 2454 689 2495 sumamuS‚
712 2455 797 2502 nec*-
810 2434 930 2502 ¹sapit
945 2475 958 2496 ,
981 2434 1061 2484 nec
1080 2425 1167 2484 olet
1183 2414 1461 2503 quidquam,

86 2525 166 2555 nec
187 2519 333 2554 tamen
361 2508 451 2555 sine
485 2508 563 2556 illo
585 2508 654 2556 vel
676 2508 850 2555 tantillo
883 2504 1024 2573 spatio
1053 2499 1294 2572 temporis,
1352 2498 1466 2552 'sicut

136 2607 149 2631 ¹
163 2606 288 2641 AEueid.
306 2607 366 2642 lib.
386 2620 415 2648 1,
429 2619 512 2642 vers,
529 2619 605 2640 220.
622 2625 668 2633 -—
685 2607 701 2632 2
714 2609 763 2642 Id.
785 2620 858 2653 vm,
881 2611 957 2646 184.
