1843 3190
299 265 361 319 46
721 277 757 309 s.
798 275 1045 308 Aucusrim
1080 274 1284 307 muscort

295 352 478 407 peccato
501 340 793 406 praecedente,
824 358 940 387 mors
974 340 1199 404 sequitur;
1234 355 1324 385 non
1346 349 1485 384 morte
1506 353 1676 401 praece-

296 413 440 470 dente,
462 423 706 477 peccatum.
738 411 925 459 Aculeus
946 411 1112 475 quippe
1136 409 1287 456 mortis
1305 419 1367 455 est
1387 407 1673 472 fpeccatumst,

297 483 471 530 aculeus
494 487 619 543 cujus
641 482 883 547 punctione
902 484 951 528 fit
971 499 1105 537 mors,
1131 498 1222 526 non
1247 480 1422 526 aculeus
1443 497 1530 543 quo
1553 495 1677 542 pun-

298 555 362 616 git
384 572 517 611 mors,
545 554 668 599 Sicut
683 570 899 600 venenum
928 553 962 598 si
980 552 1166 608 bibitur,
1191 550 1440 615 appellatur
1462 549 1677 614 poculum

298 625 464 683 mortis,
485 624 606 688 quod
619 641 667 670 eo
687 623 848 688 poculo
868 623 983 670 facta
1011 623 1067 668 sit
1095 639 1241 677 mors;
1263 639 1351 667 non
1382 620 1502 685 quod
1535 630 1675 665 morte

298 695 352 741 sit
385 695 599 759 poculum
635 694 801 740 factum
821 732 832 751 ‚
863 705 934 740 aut
970 713 993 740 a
1027 709 1166 739 morte
1204 693 1258 739 sit
1281 693 1447 738 datum.
1489 690 1622 748 Quod
1645 691 1680 736 si

300 777 532 829 propterea
570 783 658 811 non
682 776 825 828 potest
850 765 934 811 illis
952 765 1094 812 verbis
1122 763 1321 828 Apostoli
1347 773 1579 827 peccatum
1609 761 1682 807 in-

299 836 453 896 telligi,
477 835 524 881 in
548 853 635 898 quo
662 851 809 881 omnes
828 845 1140 898 peccaverunt,
1171 834 1276 896 quia
1294 834 1339 878 in
1362 836 1521 878 Graeco
1538 868 1550 888 ‚
1568 830 1686 876 unde

300 905 504 952 translata
533 915 594 950 est
623 904 846 968 Epistola,
874 914 1108 967 peccatum
1126 903 1359 949 foeminino
1383 919 1537 963 genere
1564 901 1687 965 posi-
1755 962 1760 965 Π

302 986 396 1021 tum
420 986 509 1021 est:
536 986 666 1020 restat
696 985 743 1021 ut
767 975 814 1020 in
836 975 912 1020 illo
934 975 1080 1038 primo
1105 974 1287 1020 homine
1310 990 1510 1037 peccasse
1534 989 1687 1018 omnes

300 1045 621 1106 intelligantur3
640 1046 742 1109 quia
764 1046 810 1090 in
827 1045 903 1091 illo
925 1044 1105 1090 fuerunt
1131 1062 1278 1090 omnes
1303 1044 1481 1107 quando
1497 1043 1569 1089 ille
1583 1059 1686 1106 pec-

304 1117 418 1162 cavit
440 1153 450 1172 ‚
491 1115 606 1163 unde
632 1125 861 1179 peccatum
885 1115 1103 1162 nascendo
1128 1116 1337 1172 trahitur,
1365 1113 1485 1177 quod
1506 1113 1588 1159 nisi
1606 1129 1681 1159 re-

304 1186 519 1232 nascendo
549 1203 635 1232 non
666 1186 861 1233 solvitur.
898 1186 1010 1232 Nam
1039 1197 1081 1232 et
1112 1187 1172 1232 sic
1196 1197 1371 1232 sanctus
1398 1184 1596 1231 Hilarius
1617 1183 1686 1246 (1)

302 1256 508 1303 intellexit
532 1257 654 1321 quod
690 1257 905 1321 scriptum
928 1268 1007 1314 est,
1030 1258 1076 1303 in
1090 1275 1178 1322 quo
1196 1274 1344 1303 omnes
1361 1265 1685 1320 peccaverunt:

308 1327 368 1372 ait
382 1327 497 1372 enim
512 1364 524 1383 ‚
549 1346 569 1368 α
587 1328 640 1372 In
656 1344 758 1391 quo.
787 1327 834 1374 id
859 1338 938 1382 est,
959 1328 1006 1374 in
1027 1328 1167 1375 Adam
1183 1345 1330 1374 omnes
1347 1335 1655 1391 peccaverunt.
1668 1345 1688 1366 »

306 1396 475 1444 Deinde
498 1397 696 1443 addidit:
733 1419 754 1440 «
777 1398 1058 1445 Manifestum
1089 1399 1136 1445 in
1161 1399 1301 1445 Adam
1325 1414 1473 1443 omnes
1493 1411 1691 1460 peccasse

306 1467 429 1531 quasi
451 1469 496 1512 in
521 1485 672 1514 massa.
699 1470 797 1531 Ipse
815 1468 929 1513 enim
953 1486 1032 1532 per
1050 1479 1284 1532 peccatum
1308 1477 1563 1530 corruthS,
1591 1482 1691 1512 om-

307 1555 380 1583 nes
411 1554 519 1600 quos
543 1538 691 1598 genuit
707 1576 717 1594 ‚
744 1539 836 1584 nati
870 1549 971 1585 sunt
1004 1540 1086 1585 sub
1106 1550 1305 1603 peccato,
1322 1561 1342 1581 >2
1362 1538 1473 1584 Haec
1497 1536 1692 1582 scribens

309 1607 501 1653 Hilarius
535 1609 624 1652 sine
656 1608 939 1668 ambiguitate
974 1610 1266 1666 commonuit,
1288 1606 1511 1672 quomodo
1535 1606 1693 1653 intelli-

310 1676 499 1737 gendum
525 1688 632 1722 esset
648 1714 659 1733 ‚
691 1677 737 1722 in
761 1695 848 1741 quo
876 1696 1022 1725 omnes
1045 1690 1353 1743 peccaverunt.

374 1748 497 1794 VIII.
533 1747 722 1810 Propter
742 1748 851 1811 quid
880 1759 1024 1794 autem
1048 1749 1163 1795 idem
1193 1748 1429 1813 Apostolus
1459 1747 1567 1805 dicit
1581 1763 1694 1805 snos

309 1834 390 1881 per
411 1816 639 1862 Christum
664 1818 938 1864 reconciliari
970 1823 1065 1865 Deo
1085 1857 1096 1876 ‚
1134 1819 1215 1865 nisi
1238 1830 1422 1883 propter
1450 1817 1570 1881 quod
1589 1816 1695 1862 facti

311 1886 473 1932 fuimus
495 1886 721 1932 inimici2‘9
745 1888 799 1932 Et
821 1888 908 1934 hoc
931 1889 1038 1952 quid
1062 1900 1148 1945 est,
1179 1890 1260 1934 nisi
1279 1891 1542 1953 peccatum?
1568 1885 1695 1933 Unde

311 1968 354 2003 et
375 1957 596 2020 Propheta
620 1956 752 2014 dicit,
781 1979 800 2000 α
822 1959 1006 2005 Peccata
1037 1971 1177 2006 Vestra
1198 1969 1402 2023 separant
1429 1959 1544 2004 inter
1559 1974 1635 2004 vos
1653 1966 1695 2002 et

314 2026 553 2074 ›>Deum³.
575 2048 595 2068 ›>
628 2031 813 2091 Propter
852 2028 968 2075 hanc
1005 2047 1104 2090 ergo
1140 2029 1458 2093 separationem
1480 2027 1696 2074 Mediator

313 2097 490 2153 missus,
518 2107 567 2143 ut
588 2097 757 2143 tolleret
770 2111 1005 2162 peccatum
1029 2100 1204 2157 mundi,
1231 2118 1310 2163 per
1325 2098 1446 2164 quod
1465 2098 1695 2162 separaba-

313 2185 414 2214 mur
433 2167 627 2224 inimici,
657 2179 699 2213 et
719 2171 990 2216 reconciliati
1013 2189 1060 2217 ex
1095 2171 1282 2216 inimicis
1302 2170 1574 2216 efficeremur
1595 2167 1688 2215 fih'i.

314 2238 431 2284 Hinc
450 2239 600 2301 utique
634 2240 868 2301 Apostolus
903 2241 1165 2305 loquebatur
1187 2260 1198 2286 :
1238 2241 1344 2286 hinc
1376 2241 1543 2286 factum
1565 2249 1627 2284 est
1646 2247 1697 2283 ut

312 2307 606 2371 interponeret
630 2309 749 2371 quod
770 2311 856 2367 ait,
879 2312 963 2357 Per
987 2329 1124 2359 unum
1146 2310 1372 2357 hominem
1389 2310 1568 2356 intrasse
1594 2325 1696 2372 pec-

319 2388 480 2423 catum.
516 2378 625 2423 Haec
649 2379 762 2424 enim
793 2392 893 2426 sunt
915 2382 1137 2444 superiora
1158 2381 1292 2429 verba
1316 2384 1422 2440 ejus.
1457 2380 1696 2425 Commen-

315 2447 391 2493 dat
403 2457 565 2503 autem‚
581 2447 743 2511 inquit,
766 2466 886 2496 suam
905 2452 1164 2498 charitatem
1178 2452 1294 2497 Deus
1310 2451 1357 2497 in
1370 2449 1515 2506 nobis,
1539 2469 1559 2490 «
1576 2448 1696 2505 Quo-

317 2518 474 2583 »Vniam
511 2535 613 2564 cum
655 2518 803 2567 adhuc
826 2534 1077 2586 peccatores
1113 2539 1299 2570 essemus
1318 2557 1331 2581 ,
1378 2519 1580 2568 Christus
1613 2535 1695 2583 pro

366 2600 377 2624 ¹
400 2611 413 2632 ι
436 2603 511 2634 Cor.
527 2610 579 2641 κν,
596 2601 651 2635 56.
668 2620 714 2628 —
726 2602 741 2625 ²
757 2606 850 2638 Rom.
871 2616 900 2643 v,
918 2616 968 2640 xo.
987 2623 1032 2629 —
1052 2602 1066 2629 3
1082 2606 1154 2639 Isa'i.
1173 2616 1239 2646 mx,
1256 2615 1287 2638 2.
