1843 3190
268 321 441 354 CONTRA
474 319 700 353 JULIANUM
734 322 1040 366 PELAetANUM,
1078 326 1166 358 Lm.
1206 328 1247 358 v.
1352 313 1445 377 339

73 387 309 435 cessitatem
334 405 346 433 z
368 409 390 431 »
413 386 534 451 quod
558 386 722 434 malurn
747 388 812 435 illi
832 389 1131 448 substantiale,
1159 403 1202 438 et
1221 393 1313 439 Deo
1334 411 1447 441 coae-

72 467 245 504 ternum
261 475 346 504 esse
363 457 632 504 mentiuntur
659 475 669 502 :
691 457 764 504 sed
789 459 944 506 dicunt
963 478 1062 507 sane
1079 478 1182 508 cum
1201 463 1409 526 Apostolo
1432 482 1443 509 ε

72 548 93 569 <‹
117 527 255 574 Video
279 527 408 574 aliam
438 527 575 587 legem
596 526 644 574 in
666 529 873 574 membris
907 531 1010 575 meis
1035 542 1348 594 repugnantem
1366 533 1447 593 legi

72 619 94 640 n
116 599 271 644 mentis
293 615 400 644 meae
419 597 461 651 1;
490 619 510 640 »
532 615 618 644 esse
653 609 798 644 tamen
820 617 914 646 eam
939 601 1022 646 sub
1048 602 1181 648 animi
1216 613 1446 665 potestate,

70 669 209 728 gratia
232 668 313 714 Dei
344 685 422 731 per
443 668 592 714 Jesum
621 668 846 715 Christum
876 671 1115 718 Dominum
1141 683 1364 729 nostrum,
1404 675 1449 720 in

70 739 220 785 mortis
234 755 417 801 corpore
435 737 748 798 castigandam,
775 739 820 786 in
841 750 979 787 morte
1007 742 1204 804 corporis
1236 743 1449 790 resolven-

68 808 189 864 dam,
207 809 252 855 in
267 808 462 871 corporis
477 808 787 855 resurrectione
805 820 847 855 et
861 811 1011 856 mortis
1031 822 1169 859 morte
1190 813 1442 860 sanandam.

70 880 235 925 Tenent
252 879 366 924 enim
386 889 580 925 sanctam
599 878 923 941 professionem,
952 898 1041 928 non
1062 883 1152 928 solo
1172 883 1329 931 habitu
1353 901 1450 931 ves-

71 949 141 1006 tis,
167 949 240 995 sed
264 960 305 995 et
338 950 493 996 mentis
509 960 550 995 et
576 950 771 1012 corporis
785 986 797 1007 ,
824 951 1060 998 resistendo
1083 954 1450 1017 concupiscentiae

70 1020 210 1066 carnis
226 1056 238 1076 ,
271 1019 392 1083 quod
414 1019 488 1065 hic
511 1019 608 1066 fieri
631 1030 772 1083 potest
799 1038 810 1066 ε
841 1038 930 1068 non
963 1039 1010 1069 ea
1036 1041 1213 1085 prorsus
1237 1025 1449 1081 carendo,

70 1090 189 1155 quod
204 1090 280 1136 hic
299 1090 391 1136 fieri
417 1107 507 1135 non
520 1100 676 1153 potest.
701 1091 797 1136 Hoc
821 1109 920 1151 ergo
936 1092 1133 1150 audiant,
1152 1105 1199 1139 ut
1217 1094 1354 1140 donec
1378 1095 1452 1141 illa

69 1172 260 1217 careant,
279 1178 354 1207 vos
373 1171 567 1207 caveant.
594 1161 704 1207 Nam
727 1160 761 1205 si
783 1161 837 1206 ab
856 1162 1061 1208 omnibus
1084 1163 1243 1209 sanctis
1263 1181 1448 1226 quaems,

69 1243 279 1296 tanquam
289 1231 335 1277 in
347 1241 496 1276 sancto
515 1230 732 1277 auditorio
752 1230 926 1278 duobus
942 1232 1122 1279 recitare
1143 1234 1444 1296 cupientibuS‚

69 1314 218 1350 utrum
240 1302 597 1365 vituperatorem,
620 1319 674 1346 an
692 1301 962 1349 laudatorem
989 1304 1143 1350 malint
1168 1303 1319 1350 audire
1341 1305 1450 1351 libi-

69 1376 205 1430 dinis;
233 1375 342 1438 quid
361 1374 414 1420 de
438 1374 522 1420 illis
546 1391 855 1437 responsurum
880 1387 1027 1439 putas,
1049 1377 1365 1425 continentium
1383 1377 1451 1423 la·-

68 1447 244 1503 borem,
287 1448 622 1504 conjugatorum
661 1445 895 1507 pudorem,
938 1446 1136 1493 omnium
1171 1447 1445 1494 castitatem?

70 1518 219 1563 lta—ne
235 1533 337 1562 Vero
363 1515 601 1574 abjicerent
629 1515 684 1560 ab
710 1517 889 1563 auribus
913 1516 999 1564 suis
1017 1516 1215 1565 libidinis
1240 1518 1455 1582 vitupera-

69 1588 232 1634 tionem
255 1596 297 1631 et
318 1585 503 1632 libenter
522 1585 722 1633 audirent
744 1586 940 1633 libidinis
963 1586 1136 1634 laudem
1154 1590 1172 1633 Ρ
1196 1588 1294 1634 Non
1318 1605 1453 1652 usque

70 1657 176 1706 adeo
188 1655 437 1720 putandum
457 1666 519 1701 est
539 1656 698 1718 perisse
719 1656 905 1703 frontem
923 1656 978 1703 de
998 1658 1126 1704 rebus
1145 1658 1181 1714 2,
1205 1668 1253 1703 ut
1272 1658 1359 1706 hoc
1379 1659 1452 1705 de-

68 1727 218 1782 decus,
238 1725 321 1772 nisi
334 1726 380 1772 in
398 1725 474 1770 tali
496 1724 607 1771 forte
631 1725 847 1772 auditorio
871 1727 1009 1782 fieret,
1042 1728 1120 1774 ubi
1145 1738 1186 1773 te
1214 1729 1449 1776 recitaturo

69 1796 396 1844 considentibus
422 1795 651 1858 discipulis
673 1796 758 1845 suis
793 1796 996 1857 magister
1013 1797 1242 1845 Coelestius
1266 1809 1342 1847 aut
1362 1801 1448 1846 Pe-

68 1868 206 1928 lagius
224 1866 489 1930 praesideret.

133 1937 273 1986 XXV.
302 1937 418 1983 Hinc
436 1937 491 1983 ad
506 1938 589 1984 alia
606 1937 744 1984 verba
756 1954 851 1983 mea
866 1938 1036 1993 transis,
1054 1938 1132 1984 ubi
1147 1939 1233 1986 dixi
1250 1956 1261 1985 z
1279 1960 1300 1981 «
1319 1939 1448 1987 Hunc

0 2009 1 2013 ’
68 2011 215 2073 itaque
235 2018 402 2054 motum
423 2007 823 2063 ideoindecentem‚
851 2008 955 2071 quia
986 2008 1324 2065 inobedientem,
1347 2028 1448 2059 cum

70 2079 134 2127 illi
158 2078 499 2143 primihomines
522 2078 568 2124 in
593 2095 669 2124 sua
692 2094 822 2124 carne
844 2077 1086 2134 sensissent,
1113 2079 1215 2124 etin
1228 2096 1302 2125 sua
1323 2080 1449 2126 nudi-

70 2161 157 2196 tate
171 2149 460 2203 erubuissent,
482 2148 597 2194 foliis
621 2147 817 2194 ficulneis
834 2147 984 2193 eadem
1007 2149 1202 2195 membra
1225 2160 1416 2198 texerunt
1434 2170 1444 2197 :

71 2232 119 2267 ut
138 2220 287 2266 saltem
314 2218 496 2264 arbitrio
534 2217 925 2264 verecundantium
968 2217 1198 2274 velaretur,
1220 2220 1340 2282 quod
1361 2238 1449 2267 non

71 2290 252 2338 arbitrio
271 2288 509 2336 volentium
523 2287 782 2335 movebatur
799 2307 810 2340 ;
831 2298 872 2334 et
882 2287 1091 2351 quoniam
1113 2289 1311 2350 pudebat
1327 2291 1447 2354 quod

69 2361 319 2409 indecenter
345 2358 531 2413 libebat,
560 2357 796 2421 operiendo
822 2357 1078 2420 fieretquod
1101 2358 1298 2409 decebat,
1322 2383 1340 2402 »
1367 2362 1447 2407 His

70 2431 213 2480 verbis
230 2430 332 2476 meis
355 2428 589 2492 propositis
605 2466 616 2485 ,
641 2428 727 2475 hoc
747 2439 788 2474 te
806 2431 899 2488 jam
923 2427 1175 2477 destruxisse
1197 2430 1243 2476 in
1267 2432 1446 2479 secundi

70 2503 135 2550 tui
152 2501 256 2548 libri
274 2499 564 2563 disputatione
589 2510 630 2545 et
652 2499 848 2559 inhujus
871 2499 1002 2553 tertii,
1026 2499 1098 2546 cui
1118 2516 1235 2545 nunc
1263 2518 1446 2563 respon—

71 2572 169 2628 deo,
196 2581 319 2634 parte
335 2569 555 2633 superiore
578 2569 698 2617 inani
709 2569 950 2628 jactatione
967 2586 1290 2620 commemoras.
1319 2572 1447 2619 Nunc

118 2657 128 2677 ¹
149 2657 244 2687 Rom.
263 2664 324 2695 vn,
346 2654 401 2687 23.
418 2670 464 2678 -
480 2650 630 2685 2ΑΗικίἰῑ
642 2652 683 2685 atl
701 2655 788 2688 Pers.
804 2658 864 2688 sat.
882 2653 914 2686 5.

1245 2723 1318 2753 22.
