1843 3190
290 302 464 336 CONTRA
496 303 720 340 JUHANUM
755 304 1058 350 PELAGIANUM,
1095 310 1185 344 ΜΒ.
1227 313 1278 349 11.
1371 305 1451 359 161

97 365 225 412 etiam
251 365 561 416 defendentem.
592 369 689 416 Jam
713 388 813 418 vero
836 372 955 436 quod
975 390 1054 436 per
1077 375 1281 435 originale
1298 397 1460 443 pecca..

98 446 190 482 tum
214 454 333 483 sacro
373 439 624 503 baptismati
654 441 765 487 nihil
804 442 1002 504 deroget,
1045 446 1242 508 superius
1277 449 1462 499 demon-

97 507 251 564 stravi,
294 510 469 572 quando
503 513 593 569 ejus
625 512 752 574 posui
791 514 952 570 verba,
995 514 1074 560 ubi
1110 515 1250 563 dicit:
1288 522 1462 570 «Illum

91 577 320 636 justificari
337 597 359 624 a
381 590 561 642 peccato
582 617 592 636 ‚
617 581 688 627 cui
709 599 787 645 per
811 582 1081 646 baptismum
1105 599 1284 649 peccata
1312 593 1461 639 remit-

96 657 250 694 tuntur
268 649 425 696 omnia.
450 671 468 691 >1
492 651 518 695 J
522 661 664 696 ustum
689 669 822 715 porro
845 653 915 699 ille
940 654 1077 700 Deum
1098 656 1175 702 uhi
1193 675 1279 704 non
1302 663 1464 724 praedi-

97 727 189 773 cat,
213 728 286 763 aut
308 718 405 782 quis
422 718 474 764 de
492 719 580 766 hoc
603 731 745 783 potest
763 722 1006 769 catholicus
1027 723 1228 773 dubitare
1252 729 1464 780 Christia-

96 803 175 832 nus
193 825 204 844 ,
233 789 352 851 quod
370 806 480 852 pene
502 801 543 836 et
562 808 708 837 omnes
726 792 850 856 impii
871 795 1162 842 confitentur?

160 859 304 905 XXII.
327 860 541 916 Quintum
561 861 671 907 illud
688 873 834 917 restat,
856 874 1003 910 utrum
1023 865 1223 913 videatur
1237 870 1466 920 Ambrosio

96 925 331 973 humanam
356 946 560 993 capacem
575 932 899 990 justificationis
918 945 959 979 et
984 935 1260 997 perfectionis
1283 957 1370 987 esse
1393 960 1468 989 na-

97 1006 268 1051 turam3
295 1015 373 1043 nec
401 1000 456 1044 ab
475 1000 560 1045 hac
592 1002 799 1047 sententia
825 1014 1055 1066 propterea
1081 1019 1307 1054 revocetur
1324 1047 1336 1067 ‚
1362 1012 1468 1075 quia

97 1083 212 1130 saepe
239 1084 286 1113 ac
306 1068 454 1114 multis
472 1070 610 1115 modis
627 1070 737 1116 dicit
753 1088 926 1117 omnem
943 1073 1168 1120 hominem
1186 1079 1267 1123 sub
1284 1092 1468 1142 peccato

96 1138 239 1195 nasci,
269 1149 311 1184 et
333 1156 417 1184 esse
449 1139 593 1203 ipsum
626 1150 767 1186 ortum
793 1144 881 1201 ejus
908 1142 953 1187 in
978 1143 1102 1190 vitio.
1137 1145 1296 1193 Verum
1321 1160 1362 1195 et
1384 1150 1471 1196 hoc

91 1211 183 1268 jam
209 1226 339 1273 supra
365 1209 522 1267 docui,
550 1211 628 1257 ubi
657 1228 756 1258 eum
786 1211 882 1257 loco
914 1212 1010 1275 ipso
1040 1214 1171 1277 paulo
1197 1229 1296 1279 post
1322 1219 1474 1267 dixisse

96 1281 333 1327 memoravi
360 1299 370 1325 :
398 1302 417 1322 «
439 1282 475 1326 A
502 1281 667 1328 Christi
686 1299 814 1328 carne
833 1282 1088 1329 damnatum
1110 1302 1195 1331 esse
1210 1301 1443 1350 peccatum
1458 1328 1471 1347 ,

95 1350 215 1414 quod
239 1351 459 1397 nascendo
485 1369 573 1398 non
591 1353 746 1408 sensit,
769 1352 890 1416 quod
912 1354 1137 1400 moriendo
1158 1358 1374 1405 crucifixit
1390 1397 1402 1417 ,
1424 1371 1475 1406 ut

95 1419 142 1465 in
166 1438 295 1467 carne
330 1432 476 1467 nostra
510 1433 615 1468 esset
644 1423 899 1482 justificatio
930 1440 1009 1486 per
1031 1425 1211 1484 gratiam
1231 1464 1241 1482 ‚
1278 1429 1356 1475 ubi
1382 1441 1475 1476 erat

98 1502 195 1537 ante
218 1491 407 1537 colluvio
428 1509 508 1555 per
532 1492 725 1556 culpam.
752 1514 772 1534 >³
799 1492 869 1537 lbi
903 1493 1017 1538 enim
1052 1505 1251 1542 naturam
1289 1497 1476 1545 demon-

97 1562 250 1608 stravit
275 1562 515 1608 humanam
533 1600 544 1619 ,
573 1563 703 1607 etiam
723 1562 848 1608 istam
863 1599 875 1619 ,
903 1579 1003 1626 quae
1026 1564 1107 1609 sub
1131 1578 1312 1628 peccato
1332 1570 1476 1615 nasci-

97 1642 191 1685 tur,
221 1642 263 1678 et
279 1636 404 1692 cujus
431 1643 550 1677 ortus
572 1632 615 1677 in
641 1631 749 1677 vitio
779 1643 864 1689 est,
893 1649 978 1678 esse
992 1634 1314 1691 justificationis
1338 1654 1476 1702 capa-

98 1720 222 1749 cem:
252 1702 324 1748 sed
349 1719 447 1747 sane
478 1719 556 1766 per
588 1702 771 1762 gratiam
791 1739 802 1758 ,
834 1701 954 1766 quod
983 1702 1208 1750 inimicum
1236 1717 1298 1752 est
1323 1708 1471 1766 vobis,

97 1772 235 1819 eidem
263 1772 412 1832 gratiae
437 1771 690 1818 crudelibus
722 1770 924 1817 inimicis.
954 1771 1116 1818 Verum
1147 1774 1180 1819 si
1200 1774 1286 1820 hoc
1314 1793 1474 1839 parum

98 1854 185 1900 est,
212 1859 358 1888 rursus
383 1841 491 1906 quid
512 1841 655 1899 dicat,
684 1841 856 1887 attende
878 1841 924 1886 in
941 1842 1203 1904 expositione
1229 1846 1352 1892 lsaiae
1371 1864 1477 1910 pro-

97 1911 273 1977 phetae1
295 1930 307 1958 ι
333 1933 353 1954 ε(
374 1911 608 1957 Videamus
623 1949 634 1966 ‚
664 1911 810 1975 inquit
824 1948 836 1968 ,
857 1928 910 1957 ne
933 1928 1018 1974 qua
1037 1912 1091 1957 sit
1107 1924 1206 1975 post
1223 1913 1357 1973 hujus
1374 1917 1477 1963 vitae

99 1982 369 2029 curriculum
391 1992 540 2027 nostra
564 1982 825 2042 regeneratio
841 2019 852 2038 ‚
879 1980 932 2026 de
956 1998 1042 2044 qua
1067 1981 1234 2028 dietum
1253 1995 1314 2029 est
1337 2002 1347 2029 ε
1381 2007 1401 2027 «
1423 1987 1474 2032 In

98 2074 119 2095 »
138 2052 454 2113 regeneratione
478 2068 576 2097 cum
599 2051 756 2097 sederit
781 2051 914 2096 Filius
924 2050 1114 2097 hominis
1131 2052 1176 2097 in
1198 2053 1356 2100 throno
1377 2055 1475 2115 glo-

99 2144 120 2165 »
137 2123 213 2168 riae
234 2122 362 2168 suae2.
391 2143 411 2163 >2
438 2121 562 2166 Sicut
588 2122 702 2166 enim
723 2121 986 2181 regeneratio
1006 2121 1168 2167 lavacri
1190 2123 1374 2181 dicitur,
1396 2143 1477 2188 per

100 2209 231 2256 quam
256 2191 421 2237 detersa
444 2201 725 2253 peccatorum
745 2190 992 2236 colluvione
1018 2207 1277 2237 renovamur
1298 2211 1308 2237 ε
1331 2195 1388 2240 ita
1412 2212 1476 2240 re·

101 2261 314 2322 generatio
337 2260 424 2305 dici
447 2259 620 2306 videtur
638 2297 647 2316 ‚
668 2276 747 2323 per
766 2276 898 2323 quam
916 2260 972 2304 ab
993 2260 1111 2305 omni
1130 2277 1352 2325 corporeae
1373 2281 1475 2309 con-

101 2331 300 2378 cretionis
329 2330 553 2393 purificati
586 2329 710 2386 labe.
739 2329 903 2375 mundo
931 2329 1086 2374 animae
1118 2346 1241 2376 sensu
1266 2332 1311 2377 in
1341 2334 1477 2379 vitam

101 2418 403 2463 regeneramur
427 2411 646 2447 aeternam.
670 2422 688 2441 n
717 2401 883 2462 Nempe
912 2400 1104 2445 distinxit
1135 2401 1200 2447 vir
1235 2413 1408 2450 sanctus
1432 2420 1475 2452 et

101 2491 225 2519 verax
242 2510 253 2528 ,
271 2471 624 2532 justificationem
651 2471 753 2516 vitae
779 2471 913 2530 huius
932 2508 943 2526 ‚
971 2488 1070 2534 quae
1088 2472 1138 2516 fit
1153 2489 1233 2535 per
1253 2472 1475 2520 lavacrum

101 2541 455 2602 regenerationis,
477 2552 518 2586 et
539 2540 655 2586 illius
678 2538 988 2604 perfectionem
1004 2576 1016 2597 ,
1039 2556 1138 2587 cum
1159 2552 1201 2587 et
1220 2553 1365 2589 nostra
1383 2559 1475 2589 cor-

150 2625 160 2647 ¹
181 2628 219 2657 In
236 2626 334 2661 kaim,
349 2633 417 2667 cap.
439 2634 466 2654 1.
483 2639 528 2648 -—
545 2621 559 2645 ²
578 2621 695 2656 Matth.
716 2632 784 2664 xm,
808 2623 862 2654 28.

231 2691 364 2725 extu.
1289 2686 1338 2723 ²1
