1843 3190
404 314 534 344 unm
570 315 624 345 DE
661 314 823 347 anam
858 316 910 349 Er
945 317 1105 351 mnaso
1142 317 1372 349 Aanrrmo.
1478 304 1570 366 507

212 394 318 431 uxor
342 378 589 438 alienigenae
611 380 719 437 regis
739 381 936 427 Assueri1
964 399 974 426 ε
1003 399 1102 441 ergo
1126 383 1167 430 in
1190 386 1279 441 ejus
1298 381 1410 433 libro
1432 384 1575 445 scrip-

209 456 302 496 tum
341 457 425 501 est,
465 448 584 510 quod
615 465 714 494 cum
738 449 918 496 haberet
946 453 1235 496 necessitatem
1264 451 1573 505 interveniendi

210 533 292 579 pro
322 517 490 580 populo
521 535 620 573 suo,
654 535 780 581 quem
821 537 917 575 rex‚
954 521 1222 584 ubicumque
1254 522 1297 570 in
1334 539 1462 580 ,regno
1485 526 1574 579 ejus

208 598 340 644 esset,
374 592 557 647 jusserat
587 589 820 644 trucidari,
850 591 989 636 oravit
1013 591 1066 635 ad
1098 591 1336 638 Dominum
1359 609 1369 636 ε
1392 592 1575 652 cogebat

207 657 321 705 enim
352 675 442 703 eam
478 675 630 718 magna
655 661 904 715 necessitas,
933 671 980 705 ut
1010 671 1168 723 praeter
1196 665 1361 718 J'ussum
1393 662 1499 720 regis
1531 672 1573 711 et

206 738 365 789 praeter
388 727 581 776 ordinem
601 745 726 773 suum
752 729 804 773 ad
831 730 950 774 illum
973 731 1331 777 auderetintrare.
1358 732 1412 779 Et
1432 731 1570 776 videte

206 797 313 860 quid
350 798 577 860 Scriptura
618 798 771 843 dicat:
801 821 819 839 α
852 801 903 845 [it
934 801 1115 846 intuitus
1155 811 1216 845 est
1245 817 1336 844 eam
1363 810 1571 862 tanquam

206 886 227 907 »
254 877 398 915 taurus
427 868 595 930 impetu
620 868 926 927 indignationis
952 887 1066 924 suae‚
1094 881 1136 915 et
1164 870 1308 915 timuit
1329 871 1472 929 regina
1489 906 1500 923 ,
1528 881 1571 917 et

206 957 227 983 η
249 953 480 983 conversus
499 949 558 983 est
579 939 700 983 color
718 945 808 997 ejus
825 957 903 1002 per
919 939 1239 985 dissolutionem
1258 976 1269 994 ,
1289 951 1329 984 et
1347 940 1572 988 inclinavit

205 1026 226 1051 >2
250 1024 292 1052 se
315 1024 444 1069 super
468 1019 600 1071 caput
631 1008 826 1053 delicatae
863 1026 974 1063 suae,
1003 1027 1101 1072 quae
1139 1009 1416 1072 praecedebat
1439 1027 1532 1058 eam
1556 1027 1567 1061 ς

205 1097 226 1122 η
248 1088 290 1124 et
311 1079 525 1123 convertit
559 1081 698 1133 Deus,
729 1090 771 1123 et
796 1080 1014 1124 transtulit
1047 1080 1385 1139 indignationem
1409 1083 1499 1138 ejus
1525 1081 1570 1125 in

206 1166 226 1190 ιι
250 1147 470 1193 lenitatem
485 1149 516 1195 2.
545 1170 564 1191 »
590 1149 814 1212 Scriptum
835 1161 895 1194 est
911 1161 952 1194 et
969 1150 1014 1195 in
1032 1150 1280 1195 Proverbiis
1299 1149 1536 1197 Salomonis
1554 1167 1565 1198 2:

203 1238 224 1262 α
250 1218 373 1264 Sicut
392 1218 578 1280 impetus
611 1236 760 1281 aquae,
789 1219 848 1264 sic
878 1237 953 1264 cor
972 1220 1077 1278 regis
1095 1219 1140 1263 in
1163 1236 1295 1265 manu
1321 1219 1397 1264 Dei
1419 1239 1429 1277 ς
1453 1235 1569 1281 quo-,-

204 1308 225 1329 »
247 1304 436 1350 eumque
456 1289 657 1342 voluerit,
674 1288 911 1333 declinabit
925 1288 1071 1334 {llud³.
1097 1309 1117 1332 »
1142 1289 1198 1333 Et
1219 1289 1264 1334 in
1283 1287 1452 1336 Psalmo
1471 1305 1568 1336 cen-

203 1358 354 1403 tesimo
374 1369 529 1421 quarto
544 1359 699 1417 legitur
716 1358 880 1403 dietum
894 1358 947 1403 de
965 1359 1174 1420 AEgyptiis
1192 1395 1201 1412 ‚
1222 1357 1327 1420 quid
1345 1357 1402 1402 eis
1423 1357 1571 1411 fecerit

203 1429 320 1473 Deus
348 1446 358 1472 ε
387 1449 406 1470 <‹
428 1430 483 1477 Et
518 1429 733 1474 convertit
762 1446 837 1473 cor
870 1446 1017 1473 eorum
1056 1439 1102 1473 ut
1139 1428 1325 1473 odissent
1352 1427 1567 1489 populum

203 1518 224 1543 η
249 1502 362 1558 ejus,
386 1509 434 1544 ut
466 1498 616 1543 dolum
641 1498 830 1543 facerent
854 1499 897 1543 in
933 1515 1074 1543 servos
1093 1499 1224 1557 ejus4.
1264 1518 1284 1538 »
1317 1498 1366 1543 In
1396 1497 1568 1545 Litteris

202 1569 329 1614 etiam
355 1569 604 1632 apostolicis
639 1568 779 1614 videte
809 1585 908 1630 quae
942 1569 1104 1630 scripta
1140 1567 1339 1620 sunt3in
1374 1566 1566 1628 Epistola

203 1639 329 1685 Pauli
363 1639 546 1702 apostoli
585 1639 636 1683 ad
674 1639 928 1684 Romanos:
956 1641 1226 1701 «Propterea
1260 1635 1438 1683 tradidit
1472 1635 1567 1684 illos

202 1731 224 1752 »
248 1711 363 1755 Deus
380 1711 423 1755 in
439 1710 646 1755 desideria
661 1709 802 1754 cordis
818 1726 984 1758 eorunm
1005 1709 1048 1753 iu
1064 1706 1397 1761 immunditiam.
1419 1727 1438 1746 »
1459 1706 1568 1753 Item

202 1780 334 1843 paulo
356 1791 456 1842 post
477 1797 488 1824 :
521 1801 538 1820 «
564 1780 752 1841 Propter
772 1779 858 1823 hoe
879 1778 1056 1823 tradidit
1083 1777 1178 1822 illos
1198 1778 1312 1827 Deus
1331 1777 1373 1822 in
1398 1775 1565 1838 passio÷

203 1870 225 1892 >2
247 1867 319 1895 nes
340 1850 603 1908 ignominiae.
631 1869 650 1889 n
673 1851 780 1893 Item
798 1848 931 1910 paulo
955 1858 1053 1909 post
1077 1865 1088 1892 ε
1115 1868 1133 1887 α
1155 1846 1278 1892 Sicut
1293 1862 1379 1892 nou
1403 1844 1567 1907 proba÷

204 1942 225 1963 >³
254 1929 408 1965 verunt
437 1921 574 1964 Deum
602 1919 762 1963 habere
794 1918 839 1962 in
864 1918 1062 1962 notitiam
1081 1953 1092 1972 ,
1119 1915 1300 1961 tradidit
1329 1915 1425 1961 illos
1452 1918 1568 1962 Deus

203 2012 225 2041 η
247 1991 292 2036 in
333 1990 564 2052 reprobam
604 1999 813 2043 mentem,
859 1997 908 2032 ut
939 1986 1102 2032 faciant
1142 2002 1240 2048 quae
1279 2001 1367 2030 non
1405 2000 1565 2030 conve-

203 2081 226 2111 η
251 2059 421 2105 nium-5.
450 2081 469 2101 η
496 2060 549 2103 Et
583 2058 636 2103 ad
664 2057 1060 2112 Thessalonicenses
1091 2055 1138 2101 in
1161 2053 1355 2117 Epistola
1380 2052 1569 2108 secunda

205 2131 263 2178 ait
290 2130 345 2175 de
375 2128 637 2192 quibusdam
668 2145 679 2172 ε
709 2149 728 2168 α
754 2129 839 2173 Pro
861 2144 910 2172 eo
935 2125 1054 2188 quod
1085 2125 1360 2171 dilectionem
1380 2122 1570 2172 veritatis

205 2222 226 2243 ›>
251 2218 338 2246 non
369 2209 650 2261 receperunt,
686 2209 733 2242 ut
763 2197 868 2242 salvi
901 2197 1076 2249 fierent,
1103 2205 1143 2241 et
1178 2194 1275 2241 ideo.
1303 2193 1446 2241 mittet
1481 2191 1564 2249 illis

204 2293 225 2313 »
247 2275 366 2327 Deus
405 2269 697 2332 operationem
737 2267 893 2312 erroris
912 2303 923 2321 ,
961 2276 1009 2311 ut
1042 2263 1220 2317 credant
1242 2261 1492 2316 mendacio,
1523 2271 1571 2311 ut

205 2362 226 2384 n
246 2341 501 2400 judicentur
516 2355 661 2397 omnes
680 2338 756 2400 qui
775 2354 861 2382 non
876 2335 1152 2393 crediderunt
1168 2333 1363 2388 veritati,
1381 2331 1453 2377 sed
1470 2348 1572 2381 conr

205 2431 228 2452 »
251 2421 472 2457 senserunt
494 2408 713 2471 iniquitati
728 2409 760 2454 ⁶.
789 2427 809 2447 >³

266 2484 432 2529 XLIII.
474 2481 552 2526 His
574 2490 617 2525 et
647 2480 807 2525 talibus
828 2477 1082 2533 testimoniis
1104 2475 1351 2522 divinorum
1373 2472 1568 2536 eloquio-

255 2580 266 2602 ¹
281 2583 405 2616 Esther.
421 2584 437 2612 3
459 2587 489 2613 et
503 2587 536 2617 4.
552 2598 598 2604 —
614 2578 630 2602 2
648 2580 694 2612 Id.
712 2581 744 2617 5,
760 2581 852 2622 juxta
873 2589 947 2610 Lxx.
967 2596 1011 2602 —
1023 2575 1039 2599 ³
1057 2580 1151 2611 Prov.
1170 2584 1236 2613 xxi,
1258 2585 1286 2607 x.
1299 2591 1346 2610 τ·
1370 2570 1385 2599 4
1404 2573 1486 2606 Psal.
1502 2582 1567 2615 etv,

216 2639 271 2669 ²5.
286 2654 331 2661 —
348 2634 362 2658 5
379 2639 469 2668 Rom.
485 2644 509 2677 ¹,
530 2635 646 2671 24-28.
664 2651 707 2658 ——
721 2631 738 2663 ἒ
756 2644 774 2664 2
789 2632 900 2665 Thess.
917 2641 954 2671 ⁸1,
971 2643 1024 2666 ιο.
