1843 3190
279 327 454 361 CONTRA
487 326 716 361 summum
750 325 1058 369 mmmmm,
1097 325 1184 358 ΗΒ.
1226 328 1268 358 v.
1362 312 1454 374 317

87 406 230 444 center
245 395 478 460 impudens
491 406 534 442 et
545 394 796 441 deformiter
817 393 959 450 nuda,
982 403 1031 439 ut
1042 409 1135 439 eam
1152 429 1164 449 ,
1186 392 1458 456 quantalibet

85 466 189 513 folia
212 466 447 514 verborum
459 482 663 522 consuas,
689 465 856 529 operire
873 481 962 510 non
986 463 1135 528 possis.

150 537 226 584 VI.
268 558 290 579 «
311 538 348 583 A
364 536 607 601 pictoribus
635 554 704 583 me
723 535 924 582 didicisse
949 534 1119 580 derides
1136 571 1147 590 ‚
1175 533 1293 597 quod
1320 533 1459 580 Adam

87 618 130 654 et
147 605 304 653 mulier
321 611 411 668 ejus
434 606 643 671 pudenda
663 605 953 660 contexerint3
975 614 1017 650 et
1040 605 1329 650 Horatianum
1353 602 1462 648 illud

88 678 366 725 decantatum
391 678 542 725 audire
564 696 633 725 me
656 677 862 742 praecipis
882 694 894 722 ε

536 789 715 822 pictoribus
732 795 828 833 atque
845 788 948 833 poetis

307 844 475 887 Quidlibet
492 845 630 878 audendi
649 856 774 889 semper
791 845 849 877 fuit
868 855 958 888 aequa
976 850 1114 888 potestas
1128 845 1154 877 ¹.

90 939 182 1001 Ego
202 956 304 988 vero
323 959 412 988 non
436 958 459 987 a
475 941 644 1006 pictore
660 940 856 987 inanium
874 941 1114 1000 figurarum
1129 976 1140 996 ‚
1172 938 1245 984 sed
1275 956 1297 984 a
1320 939 1464 1001 scrip-

90 1020 183 1057 tore
200 1010 447 1058 divinarum
473 1011 609 1057 didici
633 1012 897 1058 Litterarum
914 1047 926 1067 ,
945 1010 1050 1073 quia
1073 1009 1136 1054 illi
1159 1009 1292 1072 primi
1315 1009 1465 1055 homi-

90 1098 164 1127 nes
187 1091 420 1146 antequam
452 1092 687 1146 peccarent
705 1081 815 1127 nudi
838 1091 987 1137 erant,
1030 1090 1071 1125 et
1098 1097 1185 1125 non
1218 1079 1464 1125 confunde-

90 1151 266 1200 bantur.
292 1154 345 1198 In
358 1153 519 1217 quibus
532 1153 645 1199 absit
657 1164 706 1199 ut
724 1163 843 1198 tanta
862 1151 1108 1197 innocentia
1121 1161 1212 1196 tam
1234 1149 1466 1212 impudens

91 1233 198 1269 esset
228 1241 239 1268 ε
280 1222 353 1269 sed
385 1223 583 1270 nondum
606 1224 743 1269 inerat
768 1222 889 1286 quod
913 1221 1111 1286 puderet.
1141 1222 1463 1275 Peccaverunt‚

93 1292 384 1350 attenderunt,
409 1294 704 1351 erubuerunt,
733 1303 999 1357 operuerunt
1020 1310 1030 1337 :
1054 1303 1096 1338 et
1109 1291 1256 1337 adhuc
1273 1290 1430 1336 clamas
1453 1307 1463 1334 ι

93 1383 115 1404 «
137 1363 262 1409 Nihil
287 1363 377 1410 illic
394 1364 599 1412 indecens
620 1381 872 1428 novumque
889 1374 1124 1410 senserunt.
1153 1384 1173 1404 >³
1195 1362 1320 1408 Hanc
1338 1361 1467 1425 plane

93 1434 413 1498 impudentiam
436 1447 556 1483 tuam
581 1436 710 1483 nimis
731 1436 1058 1492 incredibilem,
1085 1434 1199 1480 absit
1218 1444 1267 1479 ut
1290 1433 1433 1478 dicam
1453 1470 1463 1489 ‚

94 1507 240 1553 nullus
263 1518 304 1553 te
330 1507 564 1571 Apostolus
578 1519 652 1554 aut
672 1507 893 1571 Propheta
911 1544 921 1563 ‚
939 1506 1012 1553 sed
1031 1524 1111 1552 nec
1133 1505 1278 1569 pictor
1296 1503 1465 1561 docuit,

94 1594 175 1623 nec
197 1584 344 1641 poeta.
371 1578 443 1624 llli
476 1579 644 1642 quippe
672 1579 782 1642 ipsi,
811 1578 972 1642 quibus
994 1577 1214 1641 quidlibet
1249 1575 1463 1629 audendi,

95 1647 207 1693 sicut
229 1648 443 1708 eleganter
465 1648 633 1695 dictum
663 1649 854 1705 videtur,
883 1664 1050 1711 semper
1071 1647 1155 1693 fuit
1177 1664 1303 1710 aequa
1323 1657 1471 1709 potes-

98 1727 162 1764 tas
179 1739 191 1774 ;
208 1718 581 1766 confunderentur
597 1719 680 1765 tale
695 1719 858 1783 aliquid
880 1717 1115 1764 ridendum
1136 1718 1295 1777 fingere
1311 1754 1322 1772 ‚
1345 1716 1472 1779 quale

97 1798 148 1835 tu
168 1789 436 1836 credendum
463 1808 552 1836 non
572 1789 852 1837 confunderis
878 1789 1112 1853 disputare.
1138 1791 1259 1833 Duas
1279 1786 1394 1833 enim
1413 1786 1474 1831 si-

97 1860 193 1906 mul
222 1860 471 1908 habitantes
486 1899 498 1919 ‚
536 1879 723 1926 quarum
762 1861 893 1907 altera
926 1871 987 1906 est
1028 1860 1217 1923 optima,
1254 1858 1385 1904 altera
1416 1867 1476 1902 est

99 1930 284 1994 pessima
301 1968 312 1986 ‚
345 1931 464 1978 velut
501 1933 613 1978 inter
649 1950 691 1978 se
717 1931 1020 1978 convenientes
1055 1940 1183 1993 atque
1208 1928 1470 1982 concordes‚

99 2000 394 2048 innocentiam
430 2003 593 2049 scilicet
630 2013 758 2066 atque
780 2001 1121 2065 impudentiam,
1154 1998 1300 2045 nullus
1334 1998 1478 2061 pictor

100 2072 278 2135 pingere
296 2111 307 2129 ‚
334 2073 480 2120 nullus
504 2079 639 2138 poeta
665 2090 817 2120 canere
841 2072 1044 2118 auderet:
1072 2088 1152 2117 nec
1175 2086 1324 2116 eorum
1355 2069 1477 2132 quis-

103 2159 236 2205 quam
265 2144 326 2189 ita
353 2145 407 2190 de
442 2145 637 2191 sensibus
656 2144 901 2207 desperaret
923 2142 1127 2188 humanis
1143 2179 1153 2199 ‚
1175 2152 1224 2186 ut
1245 2140 1373 2186 etiam
1394 2140 1480 2184 hoc

103 2213 187 2258 sibi
209 2213 398 2261 audendi
431 2232 601 2278 aequam
636 2215 827 2261 crederet
862 2224 1145 2278 potestatem,
1179 2211 1252 2257 sed
1285 2210 1479 2256 insanam

104 2294 251 2347 potlus
274 2286 521 2333 vanitatem.

171 2354 270 2402 VII.
313 2356 366 2401 In
381 2373 430 2402 eo
449 2373 549 2402 vero
565 2356 683 2420 quod
699 2356 793 2402 aisti
811 2374 821 2401 ε
840 2377 860 2397 c<
877 2355 923 2401 Si
939 2355 1003 2400 illi
1016 2350 1362 2416 interpretationi
1380 2365 1480 2412 quae

106 2424 396 2488 perizomata,
417 2426 463 2472 id
487 2438 548 2473 est
564 2465 574 2483 ‚
603 2427 910 2490 praecinctoria
936 2425 1109 2489 posuit,
1135 2423 1322 2477 favetur,
1350 2419 1483 2465 latera

108 2495 245 2556 magis
263 2495 406 2542 dicam
429 2508 539 2543 tecta
558 2497 686 2544 fuisse
703 2515 836 2561 quam
857 2495 1020 2542 femora
1037 2513 1048 2540 :
1071 2516 1092 2536 n
1108 2494 1300 2558 primum
1327 2489 1451 2535 doleo
1469 2525 1480 2544 ‚

109 2565 171 2612 sic
187 2576 228 2611 te
247 2567 371 2613 abuti
383 2584 530 2614 eorum
544 2568 786 2629 ignorantia
804 2568 878 2631 qui
888 2583 1026 2628 graece
1041 2564 1256 2619 nesciunt,
1275 2572 1484 2607 uteorum

159 2654 171 2678 ¹
189 2655 340 2689 Horatius
357 2655 391 2690 in
409 2659 487 2691 Arte
503 2658 640 2702 poetica,
658 2668 741 2691 vers.
755 2669 776 2700 9
790 2663 821 2690 et
843 2667 894 2692 10.
