1843 3190
303 325 479 358 CONTRA
511 311 738 356 :mummi
773 313 1077 366 immissum,
1117 326 1204 357 nn.
1246 327 1288 357 v.
1392 307 1485 358 363

117 390 248 447 Quod
274 391 423 454 utique
446 408 534 437 non
560 390 756 454 putanda
780 401 842 437 est
870 391 1023 437 dixisse
1046 391 1101 437 de
1129 391 1388 454 corporibus
1411 406 1488 436 eo-

112 464 228 517 rum,
254 470 355 525 quae
379 467 560 524 corpora
587 463 628 507 se
645 473 734 506 non
755 461 988 507 'dubitabat
1002 479 1048 507 ex
1066 461 1181 507 virili
1197 461 1356 507 semine
1373 477 1482 506 con-

113 531 310 595 cepisse:
343 528 417 576 sed
452 542 600 577 utrum
636 532 792 578 animae
821 532 1012 578 filiorum
1046 531 1099 577 de
1122 538 1302 595 paterna
1342 531 1487 577 anima

113 602 261 648 traetae
273 602 451 658 fuerint,
476 604 530 647 311
547 602 747 648 aliunde
737 620 781 648 m
797 611 918 649 utero
931 606 1021 662 ejus
1042 619 1128 648 esse
1143 602 1379 679 coeperint,
1396 602 1484 648 hoc

110 671 316 717 nimirum
333 671 407 716 illa
425 672 663 725 nesciebam
686 689 765 717 nec
788 689 881 718 eam
899 671 1114 735 pudebat,
1135 682 1183 717 ut
1201 672 1484 717 temeritatem

109 745 294 797 caveret,
315 741 604 801 ignorantiam
618 743 829 788 confiteri.
853 742 972 799 Quid
990 750 1052 787 est
1068 759 1167 802 ergo
1188 740 1308 806 quod
1328 747 1485 786 631153-

107 811 165 856 ris
188 812 198 856 ε’
223 832 243 853 α
265 812 357 857 Cur
375 821 463 857 non
485 812 579 875 ipso
593 812 951 858 filiimundentur
970 812 1142 867 effectu,
1164 822 1212 857 ut
1231 810 1482 874 apollutio-

106 881 252 936 nibus,
279 881 437 944 inquis,
458 899 557 946 quae
577 881 785 928 dicuntur
804 892 1056 946 parentum,
1075 886 1294 942 majestate
1312 881 1484 944 opificis

104 952 361 1014 expientur}>
386 973 406 993 >³
431 953 521 997 Nec
545 952 728 998 attendis
764 953 850 998 hoc
883 952 969 998 dici
995 952 1123 998 etiam
1148 952 1202 998 de
1243 950 1478 997 manifestis

104 1021 218 1067 vitiis
241 1037 478 1085 corporum
513 1039 637 1085 posse
659 1040 760 1068 cum
785 1023 944 1086 quibus
968 1034 1056 1068 non
1082 1022 1213 1086 pauci
1238 1031 1479 1067 nascuntur

102 1088 287 1137 infantes
309 1109 318 1137 :
345 1093 544 1155 quamvis
585 1093 697 1139 absit
728 1104 777 1139 ut
800 1093 1043 1139 dubitetur.
1090 1093 1230 1138 Deum
1259 1102 1411 1138 verum
1435 1101 1478 1136 et

59 1194 66 1208 ,
101 1162 266 1207 bonum
294 1166 381 1208 esse
404 1163 600 1208 omnium
626 1172 862 1226 corporum
902 1162 1183 1228 formatorem
1210 1177 1222 1207 ε
1259 1172 1301 1206 et
1333 1171 1483 1206 tamen

101 1249 149 1278 ex
170 1233 341 1295 opificis
362 1234 471 1278 tanti
492 1234 693 1280 manibus
718 1243 805 1279 tam
826 1232 983 1288 multa,
1011 1248 1099 1279 non
1131 1232 1271 1277 solum
1307 1231 1477 1287 vitiosa,

100 1303 383 1349 verumetiam
403 1314 644 1350 monstrosa
668 1303 931 1368 procedunt,
954 1313 1002 1348 ut
1024 1313 1194 1349 naturae
1212 1320 1236 1348 3
1258 1296 1479 1348 nonnullis

101 1373 375 1437 appellentur
403 1390 565 1419 errores
593 1392 603 1419 :
627 1376 705 1438 q'ui
730 1382 830 1420 cum
857 1383 1109 1437 operantem
1146 1376 1235 1420 vim
1261 1372 1474 1427 divinam,

100 1438 141 1489 et
165 1443 272 1506 quid
289 1461 368 1489 cur
389 1443 541 1497 faciat,
569 1444 776 1505 indagare
792 1457 880 1490 non·
905 1444 1090 1508 possint,
1111 1443 1237 1489 fateri
1259 1460 1328 1489 eos
1344 1442 1480 1507 pudet

98 1514 261 1560 nescire
284 1514 405 1577 quod
428 1516 643 1562 nesciunt.

163 1584 275 1630 LIV.
313 1569 460 1640 Ouod
469 1595 612 1631 autem
637 1586 790 1631 attinet
813 1585 869 1631 ad
884 1585 1051 1649 peccati
1075 1584 1325 1645 originalis'
1314 1594 1358 1629 ln
1376 1601 1475 1629 om-

97 1656 172 1699 1165
204 1654 403 1699 homines
440 1657 689 1712 transitum,
725 1657 931 1719 quoniam
962 1673 1042 1718 per
1076 1656 1476 1732 concupiscentiam

98 1724 239 1769 carnis
257 1725 426 1781 transit,
447 1726 627 1771 transire
652 1726 697 1771 in
722 1743 815 1771 eam
844 1741 1015 1771 carnem
1046 1740 1133 1771 non'
1163 1725 1323 1789 potuit,
1344 1735 1476 1788 quam'

99 1790 191 1840 11611
210 1812 288 1858 per
304 1762 426 1841 iliani
446 1796 568 1875 virgo
587 1797 806 1860 concepit.
834 1796 965 1853 Quod
989 1796 1103 1863 enim
1123 1806 1165 1842 et
1183 1797 1236 1842 de
1255 1795 1338 1841 elio
1362 1794 1476 1840 libro

97 1872 217 1921 11160,
250 1883 379 1928 quem
416 1868 569 1930 scripsi
592 1867 647 1913 ad
679 1878 841 1913 sanctae
875 1862 1094 1914 memoriae
1120 1859 1478 1921 Marcellinum,
1442 1865 1475 1894 3

95 1901 217 1982 velut9
236 1937 345 1982 mihi
362 1939 653 2000 praescribens
664 1938 1030 2002 ponerevoluisti,
1051 1938 1104 1983 de
1125 1934 1262 1983 Adam·
1279 1932 1471 1982 dictumi

97 2018 117 2048 ι’(
141 2008 277 2067 Quod
304 2009 548 2054 tabificavit
568 2009 612 2054 in
631 2026 672 2053 se
696 2025 846 2054 omnes
864 2009 918 2055 de
945 2026 1020 2054 sua
1043 2009 1176 2071 stirpe
1194 2019 1398 2053 venturos
1418 2023 1430 2051 ι
1450 2027 1471 2048 »

95 2077 212 2123 finde
225 2079 376 2141 utique
398 2079 470 2124 ille
487 2078 749 2135 tabificavit,
792 2097 882 2125 non
906 2079 1006 2125 inde
1040 2079 1241 2125 Christus
1261 2078 1306 2123 in
1324 2076 1472 2123 matris

90 2148 263 2196 uterum
285 2151 414 2196 venit.
441 2150 524 2196 Sed
545 2151 676 2196 verb-a
694 2167 796 2213 quae
819 2151 980 2196 adrem
998 2150 1179 2195 maxime
1191 2150 1409 2213 pertinent
1426 2142 1472 2194 iii

93 2219 242 2265 eadem
266 2220 472 2266 sententia
500 2234 610 2276 mea,
638 2231 715 2280 ego
736 2220 899 2275 dicam,
924 2220 1027 2283 quia
1046 2230 1092 2265 tu
1110 2219 1253 2265 dicere
1270 2218 1470 2264 noluisti²
1459 2244 1470 2274 ,·

94 2289 136 2335 et
152 2291 295 2336 statim
314 2308 393 2336 cur
411 2291 598 2337 nolueris
616 2292 861 2355 apparebit·
884 2291 1128 2345 «Occulta,
1152 2285 1350 2355 inquam,
1377 2289 1478 2335 tabe

95 2360 280 2406 carnalis
318 2362 688 2424 concupiscentiae
729 2366 818 2407 suae
841 2361 1117 2407 tabificavit
1106 2377 1151 2406 1n
1176 2377 1219 2406 se
1244 2370 1391 2405 omnes
1424 2352 1478 2405 de

95 2440 171 2477 5113
190 2432 321 2495 stirpe
349 2440 567 2480 ventilros.
593 2455 614 2475 2>
640 2435 738 2479 Non
767 2433 916 2496 itaque
935 2449 1107 2479 carnem
1140 2430 1410 2485 tabificavit,
1430 2430 1476 2475 in

95 2505 222 2563 qu'us
245 2508 464 2567 conceptu
488 2504 607 2550 tabes
624 2505 703 2550 ista
734 2512 822 2550 non
850 2503 947 2551 fuit.
984 2505 1097 2550 Caro
1133 2503 1279 2565 itaque
1309 2467 1477 2545 Christi

92 2572 401 2633 mortalitatem
425 2573 478 2620 de
503 2574 765 2622 mortalitate
783 2575 967 2622 materni
985 2573 1181 2638 'corporis
1196 2570 1344 2625 traxit,
1364 2569 1469 2634 quia

143 2648 153 2678 5
172 2642 244 2690 Lib'.
264 2668 294 2690 1.
314 2645 356 2688 de
376 2643 449 2688 l’ec.
467 2648 577 2690 Mel-it.
593 2653 664 2700 efi'p.
681 2658 715 2698 9.
