1843 3190
301 249 476 281 CONTRA
509 249 737 281 JULIANUM
773 250 1079 292 PELAGIANUM,
1119 252 1208 282 LIB.
1251 252 1310 283 1v.
1386 236 1472 283 311

108 317 201 364 Deo
220 316 448 362 servientes
461 325 598 361 tentat
616 332 749 371 error,
779 327 827 361 ut
851 316 1042 380 decipiat
1058 337 1069 370 ;
1086 327 1222 361 tentat
1244 316 1386 369 labor,
1407 325 1482 361 aut

105 385 248 443 dolor,
266 396 313 431 ut
325 385 516 446 frangat3
536 395 670 430 tentat
691 385 852 442 libido,
882 397 929 431 ut
946 385 1156 432 accendat
1174 406 1185 439 ;
1204 396 1340 431 tentat
1359 402 1477 430 moe-

105 473 195 512 ror,
217 466 266 501 ut
286 466 473 509 sternat3
498 465 632 500 tentat
654 455 839 518 typhus,
861 467 909 501 ut
924 456 1110 502 extollat.
1142 457 1197 500 Et
1221 455 1318 518 quis
1341 455 1482 517 expli-

105 537 174 572 cet
193 526 340 571 omnia
355 525 621 582 festinanter,
643 526 804 588 quibus
830 536 1032 586 gravatur
1051 529 1205 585 jugum
1226 541 1355 588 super
1374 524 1485 569 filios

106 596 248 642 Adam
262 599 281 642 Ρ
293 596 434 656 Hujus
443 595 657 641 evidentia
672 596 856 642 miseriae
867 597 1058 656 gentium
1072 595 1363 658 philosophos
1374 594 1487 640 nihil

105 665 160 712 de
169 677 351 730 peccato
364 665 695 729 primihominis
709 666 795 711 sive
811 667 925 712 scien
933 676 1004 722 tes,
1020 667 1108 711 sive
1122 665 1359 722 credentes,
1374 681 1487 710 com-

105 735 220 802 pulit·
241 735 400 792 dicere,
434 736 493 781 ob
529 735 671 799 aliqua
689 736 848 782 scelera
868 746 1065 800 suscepta
1094 737 1141 781 in
1157 736 1245 782 vita
1266 735 1487 798 superiore

105 822 340 870 poenarum
353 805 613 851 luendarum
635 822 764 852 causa
784 823 862 852 nos
882 823 967 852 esse
991 816 1132 862 natos,
1147 816 1189 851 et
1201 805 1366 851 animos
1384 821 1488 850 nos-

47 919 52 928 ,
106 887 195 922 tros
207 876 571 940 corruptibilibus
585 877 864 940 corporibus,
879 894 928 922 eo
943 876 1161 940 supplicio
1184 892 1271 940 quo
1284 875 1488 931 Hetrusci

104 945 336 1010 praedones
365 957 518 1011 captos
545 947 725 1007 affligere
757 958 1092 1003 consueverant,
1116 957 1327 1010 tanquam
1366 945 1487 993 vivos

108 1032 209 1068 cum
235 1017 419 1063 mortuis
438 1034 525 1063 esse
557 1021 826 1078 conjunctos.
849 1018 1080 1081 Apostolus
1116 1027 1260 1063 autem
1291 1026 1486 1082 amputat

108 1086 388 1150 opinionem,
420 1103 508 1151 qua
548 1088 786 1134 creduntur
812 1089 994 1150 singulae
1029 1087 1186 1134 animae
1219 1104 1301 1151 pro
1325 1086 1489 1145 meritis

110 1167 208 1203 ante
234 1167 344 1202 actae
376 1156 480 1203 vitae
513 1156 691 1203 diversis
721 1158 979 1222 corporibus
1010 1157 1153 1203 inseri.
1200 1155 1321 1215 Quid
1357 1157 1489 1218 igitur

107 1236 257 1283 restat,
285 1227 367 1273 nisi
392 1236 441 1273 ut
460 1243 592 1273 causa
615 1227 798 1273 istorum
838 1227 1053 1274 malorum
1099 1226 1152 1272 sit
1175 1236 1251 1271 aut
1284 1225 1489 1291 iniquitas

108 1296 178 1342 vel
197 1297 456 1361 impotentia
481 1298 586 1355 Dei,
610 1308 684 1343 aut
700 1315 835 1362 poena
853 1297 985 1361 primi
1024 1297 1264 1363 veterisque
1286 1296 1488 1361 peccati?

112 1366 198 1424 Sed
224 1367 326 1430 quia
372 1385 451 1414 nec
485 1368 690 1428 injustus,
725 1386 804 1413 nec
842 1368 1059 1432 impotens
1093 1378 1155 1412 est
1182 1368 1328 1417 Densa
1363 1376 1484 1417 restat

111 1436 231 1499 quod
256 1454 345 1483 non
373 1438 454 1492 vis,
478 1438 550 1484 secl
589 1439 752 1499 cogeris
788 1438 1003 1493 confiteri,
1028 1436 1149 1501 quod
1191 1453 1317 1498 grave
1333 1440 1485 1497 jugum*

111 1523 241 1570 ,super
273 1508 384 1554 filios
418 1508 560 1555 Adam
599 1526 621 1553 a
645 1508 713 1553 die
740 1508 875 1554 exitus
900 1507 953 1553 de
979 1518 1127 1554 ventre
1153 1507 1303 1567 matris
1340 1523 1485 1559 eorum

112 1579 312 1640 usquein
348 1578 463 1624 diem
482 1579 717 1642 sepulturae
747 1579 794 1624 in
833 1590 1014 1629 matrem
1053 1578 1248 1627 omnium
1268 1595 1356 1632 non
1377 1575 1483 1632 fuis-

112 1657 175 1709 set
190 1646 224 1704 1,
249 1648 332 1697 nisi
347 1648 501 1698 delecti
519 1648 738 1708 originalis
760 1649 964 1700 meritum
990 1647 1287 1712 praecessisset.

161 1735 173 1763 ¹-
194 1736 288 1769 Eccli.
308 1747 362 1776 xz,
380 1749 409 1770 1.
