1843 3190
287 325 461 356 CONTRA
495 324 721 356 JULIANUM
755 321 1062 366 PELAGIANUM,
1102 327 1188 358 ΠΒ.
1231 328 1281 359 11.
1377 313 1462 376 139

91 391 165 455 qui
193 391 415 437 diabolum
448 392 614 438 faciunt
641 389 871 437 hominum
910 402 1173 447 creatorem,
1200 392 1266 437 vel
1296 395 1470 456 nuptias

91 462 324 518 damnant,
346 462 413 507 vel
438 463 690 524 incapacem
712 461 884 507 virtutis
909 472 1107 507 naturam
1129 463 1364 526 opinantur
1382 466 1465 509 hu-

90 549 262 577 manam
283 553 293 585 ;
337 532 410 577 sed
441 549 489 577 ex
532 531 600 577 his
638 532 784 594 potius
801 569 812 587 ‚
861 532 936 595 qui
976 534 1112 577 Deum
1151 550 1369 579 summum
1415 551 1463 579 ac

90 618 256 648 summe
290 603 456 647 bonum
492 602 623 647 totius
658 602 848 647 hominis
874 639 884 657 ‚
932 601 976 647 id
1022 613 1112 658 est,
1142 604 1273 648 totius
1311 604 1465 649 animae

90 673 308 734 totiusque
325 672 520 734 corporis
546 682 839 731 agnoscuntet
862 673 1126 718 confitentur
1153 683 1373 719 auctorem
1391 711 1402 729 ,
1425 685 1468 719 et

94 741 315 786 honorant
337 743 381 787 in
411 742 476 786 sui
496 741 656 802 gradus
679 742 877 787 bonitate
898 743 1215 802 conjugia‚nec
1240 743 1465 788 hominem

88 811 513 873 perfectejustificari
537 828 658 874 posse
679 811 906 874 desperant
928 828 939 857 ε
967 812 1063 857 haec
1080 813 1255 857 interim
1271 813 1353 858 tria
1373 830 1463 858 ves-

90 891 155 925 tra
183 893 434 941 argumenta
459 882 565 926 tanti
594 882 707 927 illius
733 883 812 927 viri
838 883 1093 927 auctoritate
1113 883 1318 928 subversa
1348 894 1464 939 sunt,

89 968 167 995 ncc
183 951 358 997 ulterius
375 951 621 1011 objicienda
639 969 684 996 su
694 952 892 1003 ntnobis,
914 952 1046 1015 quide
1070 952 1266 1011 originali
1288 963 1466 1016 peccato

53 1047 56 1050 ·
89 1039 136 1066 ea
158 1021 343 1066 dicimus
364 1059 374 1077 ‚
405 1039 504 1084 quae
519 1021 625 1066 dixit
640 1021 712 1066 ille
728 1059 738 1073 ,
755 1023 830 1084 qui
845 1039 982 1083 neque
999 1022 1187 1066 hominis
1208 1023 1466 1067 creationem

89 1091 266 1136 diabolo
301 1091 530 1146 attribuit,
569 1108 710 1153 neque
747 1092 923 1154 nuptias
960 1091 1288 1148 condemnavit,
1327 1109 1467 1156 neque

83 1161 265 1221 Justitiae
287 1161 599 1224 perfectionem
626 1161 672 1206 in
698 1171 852 1206 natura
868 1161 1059 1207 hominis
1073 1161 1330 1225 desperavit.

154 1231 205 1277 V.
247 1233 311 1276 De
334 1231 507 1276 duobus
529 1247 631 1276 vero
654 1230 836 1276 residuis
869 1232 1131 1290 argumentis
1157 1232 1307 1277 vestris
1322 1269 1332 1285 ‚
1367 1248 1468 1295 quae

89 1299 144 1346 ad
170 1301 439 1364 baptismum
463 1300 708 1364 pertinent,
746 1318 841 1346 mox
872 1300 1119 1347 videbimus
1152 1301 1261 1364 quid
1301 1301 1373 1347 ille
1402 1303 1470 1347 vir

87 1371 288 1428 senserit,
311 1383 353 1417 et
369 1371 593 1436 quomodo
617 1388 692 1417 vos
711 1371 877 1432 ingenti
900 1371 1014 1417 mole
1035 1372 1305 1418 auctoritatis
1324 1372 1468 1418 obtri-

87 1443 212 1490 verit.
242 1444 361 1490 Dicit
384 1444 499 1490 enim
522 1444 567 1489 in
596 1444 711 1489 libro
736 1455 889 1490 contra
917 1445 1209 1490 Novatianosl
1230 1463 1240 1490 z
1269 1467 1288 1486 α
1306 1446 1468 1490 Omnes

88 1512 286 1560 homines
301 1514 383 1559 sub
397 1524 578 1577 peccato
600 1513 821 1559 nascimur
836 1551 846 1570 ,
866 1532 1052 1577 quorum
1079 1516 1169 1578 ipse
1194 1526 1312 1560 ortus
1335 1516 1379 1560 in
1401 1515 1469 1560 vi·-

89 1583 150 1628 tio
172 1594 249 1640 est,
274 1583 386 1629 sicut
405 1584 541 1629 habes
555 1584 717 1631 lectum
739 1583 909 1630 dicente
928 1584 1088 1639 David,
1108 1607 1127 1626 «
1147 1586 1258 1631 Ecce
1283 1585 1398 1630 enim
1424 1585 1467 1630 in

90 1652 432 1716 »iniquitatibus
468 1664 706 1717 conceptus
744 1671 836 1699 sum
856 1691 866 1709 ‚
902 1665 945 1700 et
963 1655 1006 1699 in
1018 1654 1186 1700 delictis
1211 1655 1379 1718 peperit
1402 1673 1468 1699 me

90 1745 110 1766 ›>
129 1735 264 1769 mater
282 1724 452 1771 mest.»
471 1723 575 1770 Ideo
593 1724 720 1769 Pauli
746 1742 848 1770 caro
873 1726 1194 1788 corpusmortis
1222 1736 1328 1779 erat,
1356 1725 1469 1770 sicut

88 1793 180 1857 ipse
203 1795 262 1840 ait
284 1815 295 1849 ς
317 1816 337 1836 α
355 1795 463 1851 Quis
480 1812 547 1840 me
568 1795 777 1841 liberabit
800 1795 853 1841 de
867 1813 1051 1859 corpore
1067 1796 1216 1841 mortis
1239 1796 1372 1855 hujus
1386 1796 1403 1824 3
1418 1798 1436 1841 ἱ)
1450 1818 1468 1837 »

90 1863 256 1910 Christi
280 1875 423 1910 autem
448 1882 550 1911 caro
575 1865 801 1911 damnavit
823 1876 1055 1929 peccatum
1078 1903 1088 1921 ‚
1114 1865 1235 1929 quod
1256 1865 1471 1911 nascendo

89 1951 179 1979 non
203 1935 348 1990 sensit,
376 1934 495 1999 quod
516 1935 742 1981 moriendo
775 1937 994 1982 crucifixit
1011 1973 1021 1992 ,
1046 1947 1094 1982 ut
1116 1937 1160 1981 in
1179 1952 1306 1981 carne
1324 1946 1470 1981 nostra

89 2005 460 2065 essetjustificatio
488 2023 567 2069 per
595 2007 776 2066 gratiam
797 2043 807 2061 ‚
839 2007 918 2052 ubi
942 2017 1032 2052 erat
1056 2017 1153 2051 ante
1178 2005 1369 2052 colluvio
1393 2023 1471 2069 per

91 2074 282 2137 culpam.
309 2097 329 2117 2>
351 2076 436 2121 Hic
468 2094 568 2122 sane
591 2077 736 2122 omnia
771 2077 900 2122 simul
919 2088 1058 2123 vestra
1083 2085 1334 2137 argumenta
1361 2077 1470 2121 sub-

90 2161 210 2190 versa
223 2157 336 2192 sunt.
358 2146 405 2191 Si
423 2147 537 2192 enim
557 2163 704 2191 omnes
722 2147 921 2192 homines
942 2148 1025 2192 sub
1037 2156 1218 2210 peccato
1230 2146 1467 2201 nascimur,

89 2230 279 2277 quorum
299 2216 391 2279 ipse
415 2227 534 2262 ortus
553 2216 598 2261 in
619 2216 725 2261 vitio
745 2226 806 2261 est
830 2234 840 2261 :
869 2234 947 2262 cur
976 2216 1083 2261 mihi
1107 2233 1153 2261 ex
1173 2215 1260 2260 hoc
1285 2215 1440 2275 objicis
1456 2252 1467 2271 ‚

91 2284 209 2349 quod
231 2285 374 2331 dicam
406 2286 630 2332 diabolum
656 2286 888 2332 hominum
906 2297 1167 2339 creatorem;
1187 2297 1287 2331 cum
1306 2285 1394 2331 hoc
1412 2285 1473 2331 di-

90 2371 184 2419 cere
209 2373 276 2401 me
300 2355 463 2413 videas,
488 2357 609 2421 quod
633 2357 704 2402 ille
728 2356 852 2414 dixit,
873 2358 951 2422 qui
970 2357 1202 2404 hominum
1234 2366 1471 2402 creatorem

90 2425 317 2488 diabolum
341 2444 427 2473 esse
461 2446 547 2474 non
582 2428 724 2474 dixit?
764 2428 809 2473 Si
830 2428 1038 2493 quoniam
1068 2427 1260 2475 hominis
1283 2437 1402 2472 ortus
1425 2427 1473 2472 iu

91 2496 196 2541 vitio
222 2507 300 2552 est,
330 2497 427 2543 ideo
449 2497 556 2544 dicit
581 2498 758 2554 David;
785 2499 930 2545 «Ecce
953 2499 1071 2544 enim
1093 2498 1139 2544 in
1165 2497 1470 2561 iniquitatibus

140 2608 149 2628 ¹
172 2608 241 2639 Lib.
264 2619 289 2639 1.
305 2607 344 2639 de
359 2610 471 2651 poeuit.
491 2620 558 2652 cap.
581 2611 613 2644 3.
631 2626 677 2632 —
694 2607 710 2630 ²
727 2608 807 2641 Psal.
827 2621 856 2647 L,
877 2620 909 2648 7.
931 2626 975 2633 -
991 2605 1006 2630 3
1024 2606 1120 2639 Rom.
1145 2618 1203 2643 vn,
1223 2612 1276 2642 24-
