1843 3190
319 247 379 301 42
742 259 778 292 s,
820 259 1065 292 Aususrmr
1101 259 1304 292 EPISCOPI

317 344 431 374 »nos
457 325 573 391 ipsos
603 325 849 372 seducimus
866 363 877 383 ,
911 337 952 372 et
975 326 1130 373 veritas
1159 325 1206 372 in
1246 323 1373 371 nobis
1405 341 1493 371 non
1535 335 1597 370 est
1615 323 1649 371 4.
1674 344 1696 367 »

381 398 457 445 IV.
494 398 572 443 His
597 397 656 442 ita
681 413 723 442 se
739 397 1010 443 habentibus
1027 434 1038 453 ‚
1063 396 1172 460 quid
1190 396 1368 460 prodest
1389 395 1568 441 novellis
1592 395 1690 441 hae-

316 469 478 525 reticis,
498 467 686 514 inimicis
704 467 847 513 crucis
872 467 1038 513 Christi
1058 478 1100 513 et
1126 467 1288 515 divinae
1313 465 1694 530 oppugnatoribus

319 540 485 600 gratiae,
511 537 631 602 quod
660 555 684 583 a
714 537 1067 584 Manichaeorum
1098 555 1239 583 errore
1267 537 1359 583 sani
1400 535 1604 583 videntur
1622 572 1632 587 ,
1655 545 1697 581 et

320 610 402 655 alia
428 625 503 654 sua
525 607 770 671 pestilentia
792 607 1077 654 moriuntur?
1111 607 1232 664 Quid
1255 607 1313 653 eis
1343 605 1520 670 prodest
1537 643 1548 662 ‚
1579 604 1698 669 quod

317 681 363 726 in
393 679 522 725 laude
545 688 754 724 creaturae
788 677 943 724 dicunt
963 716 974 735 ‚
1014 700 1036 720 «
1058 680 1199 724 Deum
1234 679 1403 724 bonurn
1426 676 1698 723 nascentium

318 750 615 806 conditorem,
637 766 716 812 per
743 766 871 812 quem
910 750 1024 796 facta
1052 759 1152 795 sunt
1184 749 1353 805 omnia,
1382 749 1559 812 ejusque
1588 763 1699 810 opus

319 838 404 866 esse
420 820 530 866 filios
545 820 800 876 hominum,
828 841 849 862 ›>
873 836 981 883 quos
1016 819 1253 865 Manichaei
1292 818 1448 864 dicunt
1483 833 1593 880 opus
1611 833 1701 862 esse

319 890 533 953 principis
570 893 879 944 tenebrarum3
921 907 1022 936 eum
1051 889 1163 935 inter
1198 899 1404 951 utrosque
1426 925 1439 944 ,
1475 887 1546 935 vel
1579 886 1701 951 apud

321 972 525 1024 utrosque
558 962 639 1007 Dei
674 971 895 1018 ereatura,
934 977 1035 1024 quae
1071 971 1133 1006 est
1168 960 1214 1006 in
1251 958 1494 1005 infantibus
1517 960 1699 1022 pereat?

322 1031 504 1093 Utrique
525 1031 639 1076 enim
659 1032 815 1078 nolunt
833 1048 926 1076 eam
952 1030 1118 1076 Christi
1149 1047 1277 1076 carne
1301 1040 1342 1076 et
1365 1029 1572 1089 sanguine
1594 1027 1702 1073 libe-

321 1100 409 1145 rari
436 1118 446 1145 ε
475 1100 539 1145 illi
560 1101 663 1163 quia
686 1102 823 1164 ipsam
848 1118 1022 1146 carnem
1045 1111 1088 1146 et
1107 1101 1358 1160 sanguinem
1382 1098 1579 1153 Christi,
1603 1107 1704 1143 tan-

324 1187 456 1234 quam
479 1170 578 1216 haec
599 1172 776 1217 omnino
799 1172 845 1217 in
868 1171 1046 1216 homine
1064 1170 1131 1216 vel
1166 1187 1214 1215 ex
1235 1169 1413 1215 homine
1444 1185 1535 1214 non
1555 1184 1703 1213 susce-

326 1241 456 1304 perit,
479 1240 734 1296 destruunt3
762 1242 831 1288 isti
857 1252 1001 1288 autem
1019 1279 1030 1298 ,
1057 1241 1160 1305 quia
1185 1240 1354 1286 nullum
1383 1239 1548 1285 malum
1571 1240 1705 1284 inesse

325 1310 567 1357 infantibus
588 1322 807 1368 asserunt,
835 1312 951 1358 unde
973 1329 1051 1376 per
1071 1321 1390 1357 sacramentum
1411 1309 1551 1355 carnis
1569 1309 1705 1374 hujus

327 1391 369 1426 et
386 1381 604 1441 sanguinis
626 1382 879 1429 liberentur.
912 1382 937 1426 J
942 1392 1036 1428 acet
1064 1381 1177 1427 inter
1212 1381 1309 1427 illos
1332 1381 1378 1426 in
1398 1379 1592 1443 parvulis
1614 1379 1706 1424 hu-

326 1467 455 1495 mana
490 1462 687 1496 creatura
722 1452 991 1497 institutione
1020 1451 1162 1507 bona,
1190 1451 1503 1514 propagatione
1521 1449 1703 1502 vitiata;

327 1520 455 1565 bonis
475 1520 561 1566 suis
579 1522 788 1567 confitens
805 1523 1021 1586 optimum
1041 1521 1329 1577 conditorem,
1350 1520 1472 1575 malis
1490 1520 1575 1565 suis
1587 1535 1707 1583 quae-

327 1608 423 1636 rens
450 1591 896 1637 misericordissimum
930 1592 1275 1655 redemptorem;
1314 1591 1582 1636 Munichaeos
1619 1589 1706 1634 ha-

326 1660 435 1705 bens
461 1661 680 1706 bonorum
702 1679 878 1708 suorum
900 1663 1213 1726 vituperatores
1232 1699 1242 1718 ‚
1266 1661 1521 1721 Pelagianos
1541 1660 1708 1705 habens

328 1731 543 1777 malorum
565 1749 741 1778 suorum
778 1743 1025 1793 negatores,
1065 1743 1270 1796 utrosque
1303 1741 1613 1796 persecutores.
1653 1731 1709 1775 Et

329 1802 527 1866 quamvis
559 1820 638 1865 per
671 1802 898 1849 infantiam
934 1803 1056 1867 loqui
1088 1821 1176 1849 non
1203 1803 1369 1861 valeat,
1394 1802 1538 1866 specie
1563 1812 1709 1846 tamen

331 1873 461 1918 tacita
483 1882 524 1917 et
542 1872 794 1919 infirmitate
832 1873 981 1919 abdita
1009 1873 1191 1937 impiam
1222 1873 1457 1920 vanitatem
1481 1882 1708 1917 utrorum-

332 1959 416 2006 que
442 1942 703 2006 compellat‚
732 1955 774 1989 ct
802 1943 886 1989 illis
919 1944 1093 2000 dieenS,
1123 1943 1192 1989 Ab
1217 1960 1264 1989 eo
1305 1944 1383 2007 qui
1408 1943 1522 1988 bona
1555 1950 1674 1986 creat
1693 1977 1706 1997 ,

332 2013 495 2059 credite
511 2030 580 2058 me
597 2014 732 2059 creari
750 2051 761 2069 ‚
786 2024 828 2060 et
849 2014 940 2059 istis
961 2013 1108 2060 dicens
1122 2049 1135 2070 ‚
1167 2014 1236 2059 Ab
1257 2031 1307 2059 eo
1335 2013 1412 2076 qui
1433 2030 1502 2058 me
1527 2010 1706 2063 creavit,

332 2083 456 2129 sinite
484 2100 552 2128 me
581 2085 736 2130 sanari.
771 2084 1044 2130 Maniehaeus
1067 2083 1175 2129 dicit
1200 2101 1212 2128 ε
1248 2083 1372 2129 Nihil
1393 2092 1456 2129 est
1489 2082 1624 2142 hujus
1645 2081 1711 2127 in-

331 2153 476 2209 fantis,
508 2153 588 2199 nisi
614 2154 758 2199 anima
777 2155 896 2200 bona
915 2154 1144 2200 liberanda
1163 2173 1175 2208 3
1202 2164 1360 2200 caetera
1381 2170 1471 2199 non
1493 2152 1550 2199 ad
1565 2153 1711 2205 Deum

333 2223 525 2279 bonum,
564 2223 637 2269 sed
665 2224 719 2270 ad
743 2225 991 2288 principem
1022 2225 1300 2280 tenebrarum
1326 2223 1587 2288 pertinentia
1617 2238 1711 2268 res-

333 2293 523 2356 puenda.
570 2294 826 2355 Pelagianus
861 2296 986 2353 dicit,
1015 2297 1110 2342 Imo
1142 2297 1276 2356 hujus
1311 2295 1488 2342 infantis
1513 2293 1628 2340 nihil
1649 2302 1712 2339 est

334 2363 630 2421 liberandum,
652 2366 754 2429 quia
774 2376 916 2412 toturn
940 2366 1207 2412 ostendimus
1224 2366 1407 2413 salvum.
1433 2364 1579 2411 Ambo
1592 2380 1712 2409 men-

335 2434 504 2480 tiuntur
527 2452 537 2479 :
559 2435 631 2480 sed
650 2439 742 2495 jam
761 2437 908 2482 mitior
931 2448 991 2483 est
1010 2437 1151 2483 carnis
1175 2436 1303 2483 solius
1323 2445 1711 2498 accusator‚qua1n

336 2504 413 2567 qui
446 2504 491 2550 in
521 2506 771 2553 universum
794 2507 1073 2560 convincitur
1096 2507 1247 2557 saevire
1266 2498 1490 2561 laudator.
1521 2504 1607 2551 Sed
1626 2520 1711 2551 nec

386 2585 430 2617 ¹1
451 2588 546 2620 Joan.
570 2597 599 2625 1,
622 2588 656 2622 8,
1197 2592 1216 2593 ”
