1843 3190
270 353 445 384 CONTRA
480 336 704 381 :intimum
739 338 1052 388 rutilantium,
1091 347 1177 377 Lm.
1222 348 1252 378 1.
1390 332 1449 396 87

85 418 184 464 dere
211 416 397 464 voluisti.
426 415 492 462 Ita
522 415 636 460 enim
661 418 704 459 se
732 416 800 459 res
821 412 914 476 ipsa
949 411 1140 457 declarat
1173 418 1303 474 atque
1337 412 1460 457 indi-

85 488 172 544 cat,
210 493 258 533 ut
295 487 479 533 nimium
512 484 625 531 tardi
654 485 767 541 sint,
795 484 873 548 qui
911 483 1000 528 hoc
1025 489 1048 528 a
1074 481 1200 527 nobis
1237 481 1460 545 postulent

87 552 384 598 demonstrari.

150 624 233 668 ΙΙΙ.
261 624 388 668 Nunc
408 638 505 681 ergo
522 622 623 684 quia
643 619 767 664 video
791 629 828 663 te
846 619 1023 664 veritate
1039 617 1273 672 desertum,
1298 617 1352 663 ad
1370 631 1463 662 nia-³

85 691 243 738 ledicta
281 709 366 736 esse
405 700 658 737 conversum
680 726 689 744 ,
728 689 788 734 ita
826 688 1089 734 distribuam
1121 687 1463 749 disputationem

87 772 226 806 meam
245 798 256 817 ‚
283 767 331 807 u't
353 760 572 822 ostendam
613 760 735 823 prius
761 759 935 822 quantis
959 763 999 803 et
1026 757 1228 821 qualibus
1257 756 1461 803 Ecclesiae

88 831 317 878 catholicae
330 832 585 877 doctoribus
596 831 771 876 nomine
780 820 1129 874 Manichaeorum
1139 827 1461 872 intolerabilem

89 902 225 947 facere
244 908 329 947 non
344 901 557 947 cuncteris
570 900 795 959 injuriam,
819 909 860 943 et
879 915 979 944 cum
992 913 1059 944 me
1086 897 1270 960 appetiS‚
1293 897 1338 941 in
1356 906 1465 959 quos

89 972 172 1017 tela
194 972 400 1031 sacrilega
423 971 638 1030 jaculeris.
672 969 836 1015 Deinde
862 969 1134 1023 monstrabo,
1161 967 1280 1030 quod
1307 977 1355 1012 tu
1375 967 1468 1029 ipse

89 1041 150 1086 sic
175 1041 356 1100 adjuvas
382 1041 730 1085 Manichaeorum
763 1038 1058 1083 damnabilem
1087 1048 1129 1082 et
1153 1035 1351 1081 nefandae
1374 1036 1464 1081 im-

89 1111 261 1174 pietatis
284 1112 489 1165 errorem,
518 1114 566 1154 u't
607 1109 776 1153 nullum
799 1107 926 1152 talem
952 1118 1186 1170 patronum
1212 1111 1291 1151 nec
1319 1106 1364 1151 in
1382 1107 1470 1151 suis

93 1180 378 1225 dilectoribus
402 1180 573 1225 valeant
596 1178 801 1225 invenire.
830 1177 976 1223 Tertio
998 1177 1113 1233 loco,
1135 1187 1347 1240 quantum
1364 1176 1468 1221 bre-

90 1250 200 1295 viter
218 1256 415 1313 potuero,
442 1249 659 1295 sententiis
686 1256 771 1294 non
792 1248 915 1303 meis,
937 1248 1011 1293 sed
1029 1265 1174 1293 eorum
1192 1247 1267 1310 qui
1288 1247 1467 1291 fuerunt

93 1329 191 1364 ante
221 1337 316 1375 nos,
348 1330 390 1365 et
422 1319 624 1380 adversus
651 1319 807 1381 inspios
825 1318 955 1363 fidem
971 1318 1231 1363 catholicam
1260 1316 1467 1362 defende-

91 1399 210 1446 runt,
236 1390 384 1435 inanes
407 1390 590 1450 argutias
612 1401 707 1435 tuas
722 1389 764 1434 et
784 1389 1002 1434 elaborata
1017 1400 1267 1448 argumenta
1291 1388 1470 1432 convin-

92 1477 203 1505 cam.
228 1461 449 1505 Postre‘tno
475 1460 680 1523 quoniam
707 1460 742 1504 si
763 1464 801 1504 te
818 1470 906 1504 no'n
928 1459 1174 1512 correxeris,
1201 1472 1369 1502 necesse
1387 1457 1470 1502 tibi

89 1529 168 1574 erit
191 1530 317 1574 etiam
338 1529 432 1574 illos
459 1530 661 1575 Ecclesiae
704 1529 934 1574 catholicae
955 1536 1211 1592 opptignare
1238 1526 1460 1583 doctores,

91 1609 222 1661 atque
237 1599 498 1645 contendere
523 1616 605 1644 nec
628 1600 745 1661 ipsos
770 1599 815 1643 in
841 1598 926 1644 hac
941 1599 1179 1661 quaestioine
1201 1596 1463 1642 catholicam

89 1668 272 1714 tenuisse
308 1669 549 1724 veritatem,
580 1668 809 1714 defendam
844 1677 996 1714 contra
1021 1679 1083 1715 te,
1111 1669 1198 1713 Deo
1233 1667 1468 1727 adjuvante

91 1747 131 1784 et
153 1739 347 1802 ipsorum
365 1749 405 1784 et
431 1749 617 1784 nostram
636 1738 765 1783 fidem
791 1755 801 1782 :
824 1738 901 1783 ubi
920 1739 1048 1783 etiam
1070 1737 1115 1782 id
1142 1738 1302 1800 poterit
1330 1754 1466 1800 appa-

90 1824 199 1864 rere,
236 1820 325 1853 non
348 1809 486 1854 solum
518 1811 567 1853 tu
598 1807 739 1854 verbis
770 1808 874 1864 tuis,
903 1808 1023 1870 quod
1050 1807 1240 1853 secundo
1275 1807 1371 1852 loco
1397 1823 1467 1851 me

92 1876 491 1924 demonstraturum
518 1895 602 1924 esse
626 1879 833 1941 promisi,
865 1879 937 1924 sed
975 1880 1120 1941 ipsum
1144 1878 1302 1937 dogma
1338 1878 1468 1922 Pela-

93 1949 286 2008 gianum,
303 1948 423 2011 quod
437 1965 667 1994 commune
686 1959 747 1994 est
766 1942 970 1994 omnibus
987 1948 1127 2004 vobis,
1149 1957 1363 2010 quantum
1384 1947 1459 1993 ad-

88 2022 211 2078 juvet
231 2017 516 2065 Manichaeos.

158 2088 233 2134 lv.
274 2086 467 2133 Primam
487 2089 631 2152 itaque
645 2093 816 2151 partem'
830 2088 1148 2134 distributionis
1164 2100 1273 2133 meae
1287 2124 1298 2143 ,
1317 2090 1468 2150 qu'em-

97 2157 336 2203 admodum
355 2162 554 2220 exequar‚
579 2162 818 2221 parumper
843 2159 1032 2205 adverte.
1058 2159 1225 2220 Nempe
1242 2158 1354 2202 inter
1371 2162 1464 2213 nos,

96 2231 307 2291 q'uantum
324 2227 477 2273 attinet
494 2228 549 2273 ad
565 2228 849 2273 intentionem
869 2228 973 2274 libri
997 2228 1080 2273 inei
1095 2265 1106 2284 ‚
1129 2228 1202 2273 cu'i
1224 2234 1265 2272 te
1286 2231 1455 2290 respon-

97 2297 208 2343 disse
231 2299 421 2360 quatuor
443 2297 528 2343 tuis
537 2302 699 2358 jactas,
721 2299 801 2343 ista
820 2296 1003 2344 vertitur
1025 2299 1209 2361 quaestio
1223 2334 1234 2352 ‚
1251 2297 1372 2361 q'uod
1396 2311 1473 2358 ego

97 2366 197 2413 dico
215 2368 276 2412 sic
300 2368 475 2430 nuptias
500 2382 585 2413 esse
609 2368 873 2424 laudandas,
895 2374 944 2414 ut
965 2368 1086 2413 nullo
1105 2367 1237 2413 modo
1252 2367 1306 2412 ad
1325 2375 1473 2414 earum

99 2438 275 2500 culpam
311 2438 763 2501 vituperationemque
786 2439 1000 2502 pertineat
1018 2476 1028 2493 ‚
1067 2438 1186 2501 quod
1211 2448 1356 2483 ornnes
1383 2438 1471 2483 ho-

100 2507 515 2570 minesprim'orum
553 2495 729 2553 illortirn'
765 2509 997 2554 hominnm
1026 2516 1207 2571 peccato
1238 2514 1476 2552 nascuntur

101 2576 288 2624 obnoxii.
313 2578 411 2623 Hoc
433 2579 549 2623 enim
572 2580 649 2642 q‘ui
672 2586 800 2640 negat
819 2616 829 2634 ‚
857 2580 952 2642 ipsa
976 2579 1227 2624 christianae
1244 2577 1345 2622 fidei
1367 2578 1477 2623 sub-

101 2650 265 2695 vertere*
283 2648 557 2695 firmamenta·
580 2652 777 2697 coriatus.
806 2650 922 2697 Hinc
946 2648 1113 2712 quippe
1131 2647 1297 2694 factum
1315 2656 1404 2704 θεῖ,
1425 2657 1474 2693 ut
