1843 3190
369 328 543 358 CONTRA
579 328 803 359 JULIANUM
841 328 1145 369 PELAGMNUM,
1185 331 1272 360 mn.
1317 331 1376 362 vr.
1450 318 1544 372 423

175 392 348 457 planius
366 394 427 439 ita
450 393 612 439 dicitur
634 411 643 438 z
664 393 796 438 Omni
821 405 939 439 reatu
959 395 1153 439 omnium
1172 395 1388 441 malorum
1407 407 1540 453 caret,

175 481 262 509 non
297 465 501 509 omnibus
533 463 669 509 malis.
718 464 944 527 Numquid
974 464 1087 508 enim
1116 475 1232 509 caret
1262 467 1544 529 corruptione

174 535 399 597 corporis?
426 537 492 580 An
515 551 601 579 non
620 544 682 578 est
705 534 865 579 malunt
890 534 1008 596 quod
1034 545 1236 593 aggravat
1263 535 1450 581 animam
1467 540 1485 581 ,3
1502 547 1545 581 et

172 605 330 650 erravit
353 604 427 667 qui
443 603 550 649 dixit
571 621 581 648 :
603 625 623 644 α
661 604 833 666 Corpus
865 605 979 648 enim
1019 606 1305 667 corruptibile
1341 615 1545 666 aggravat

171 673 389 719 animam1
410 673 654 736 PNunquid
693 685 809 719 caret
830 674 1086 733 ignorantiae
1122 675 1253 729 malo,
1274 691 1352 737 per
1376 676 1496 738 quod
1520 693 1543 722 a

116 771 122 778 ·
169 745 458 790 nescientibus
469 744 803 789 innumerabilia
814 745 1267 808 perpetranturmala?
1283 747 1346 790 An
1357 763 1543 809 parvum

167 814 331 860 malum
347 825 424 868 est,
442 832 520 878 per
537 814 656 878 quod
670 815 802 860 homo
814 832 901 860 non
920 816 1107 878 percipit
1123 832 1222 878 quae
1241 826 1340 861 sunt
1356 816 1546 879 Spiritus

168 886 277 931 Dei?
301 887 363 931 De
388 885 619 948 baptizatis
652 903 807 949 nempe
831 885 1005 930 dicebat
1042 885 1273 949 Apostolus
1291 923 1302 942 ,
1335 887 1545 933 Animalis

166 953 338 1001 «homo
358 973 445 1001 non
472 956 663 1020 percipit
695 973 794 1019 quae
812 966 910 1001 sunt
942 956 1132 1019 Spiritus
1154 956 1256 1010 Dei3
1278 956 1457 1002 stultitia
1480 968 1545 1003 est

165 1046 186 1068 »
210 1027 319 1071 enim
336 1026 415 1082 illi,
433 1036 571 1071 etnon
590 1036 729 1089 potest
747 1026 870 1081 scire,
890 1026 1095 1088 quoniam
1114 1025 1363 1088 spiritaliter
1375 1025 1537 1086 diJ'udi-

165 1117 185 1137 »
202 1096 370 1143 catur2.
388 1118 408 1137 »
422 1095 588 1141 Deinde
599 1095 731 1159 paulo
746 1106 863 1159 post,
882 1117 902 1136 «
918 1094 1078 1154 Etego,
1096 1096 1256 1158 inquit,
1269 1096 1438 1153 fratres,
1452 1109 1540 1142 non

169 1185 189 1207 »
218 1166 346 1228 potui
373 1165 493 1229 loqui
519 1166 643 1211 vobis
668 1166 792 1228 quasi
810 1165 1095 1228 spiritahbus,
1123 1165 1195 1210 sed
1213 1166 1331 1228 quasi
1354 1165 1542 1211 carnali-

162 1256 184 1277 »
212 1236 295 1282 bus
320 1254 330 1281 ε
353 1236 477 1299 quasi
496 1236 690 1299 parvulis
707 1236 751 1280 in
779 1235 973 1287 Christo,
992 1234 1058 1281 lac
1087 1235 1211 1281 vobis
1228 1246 1382 1298 potum
1411 1235 1533 1292 dedi,

161 1327 182 1348 »
209 1323 295 1352 non
337 1324 494 1353 escam.
528 1306 733 1352 Nondum
762 1306 877 1351 enim
909 1306 1150 1369 poteratis:
1180 1305 1252 1351 sed
1272 1323 1352 1352 nec
1388 1306 1536 1353 adhuc

165 1398 186 1418 2>
212 1377 389 1439 quidem
409 1379 609 1440 potestis3
635 1376 782 1422 adhuc
799 1380 912 1421 enim
937 1377 1034 1422 estis
1052 1376 1256 1423 carnales.
1283 1377 1395 1422 Cum
1419 1378 1534 1422 enim

160 1468 180 1488 n
199 1447 284 1492 sint
311 1447 422 1492 inter
442 1464 517 1492 vos
539 1447 759 1493 aemulatio
779 1458 819 1492 et
842 1447 1082 1501 contentio,
1104 1463 1245 1492 nonne
1260 1446 1449 1492 carnales
1467 1464 1536 1492 es-

159 1539 179 1559 »
203 1518 274 1572 tis,
314 1529 354 1563 et
379 1518 618 1585 secundum
653 1518 878 1564 hominem
903 1518 1135 1563 ambulatis
1160 1517 1212 1563 3?
1233 1538 1254 1559 »
1287 1516 1396 1562 Vide
1437 1530 1537 1581 quae

157 1587 274 1633 dicat
291 1587 402 1633 mala
437 1588 490 1634 de
523 1589 776 1648 ignorantiae
804 1588 916 1633 malo
948 1589 1177 1635 venientia.
1205 1589 1261 1633 Et
1283 1598 1394 1651 puto
1413 1587 1534 1652 quod

157 1675 245 1702 non
284 1657 337 1703 de
371 1659 696 1704 catechumenis
730 1660 810 1704 ista
838 1658 1022 1705 dicebat,
1073 1657 1251 1704 Parvuli
1284 1658 1451 1721 quippe
1486 1658 1532 1704 in

160 1728 337 1773 Christo
353 1729 572 1792 quomodo
606 1740 769 1784 essent,
792 1729 873 1774 nisi
893 1732 983 1787 jam
1009 1729 1146 1774 renati
1167 1731 1331 1774 essent?
1350 1727 1481 1784 Quod
1499 1729 1535 1774 si

154 1800 349 1845 nondum
391 1800 557 1856 credis,
601 1799 708 1863 quid
743 1800 801 1845 eis
834 1809 934 1862 post
967 1816 1109 1862 pauca
1139 1799 1284 1853 dicat,
1324 1798 1528 1844 attende:

154 1890 174 1910 ‹<
201 1869 383 1914 'Nescitis
409 1870 512 1932 quia
542 1870 752 1932 ternplum
779 1870 857 1914 Dei
881 1869 995 1924 estis,
1023 1880 1063 1914 et
1084 1869 1273 1932 Spiritus
1298 1868 1377 1913 Dei
1394 1867 1531 1921 habi-

154 1960 173 1980 »
199 1949 260 1984 tat
278 1939 321 1984 in
344 1939 469 1984 vobis
486 1938 504 1966 t·
524 1942 542 1984 Ρ
564 1961 584 1980 »
610 1941 676 1984 An
702 1938 848 1984 adhuc
867 1937 1110 1991 dubitabis,
1132 1937 1198 1983 vei
1223 1937 1417 1996 negabis,
1438 1954 1529 1982 non

152 2027 222 2055 eos
243 2010 434 2072 potuisse
455 2026 540 2054 esse
565 2009 776 2072 templum
803 2009 901 2063 Dei,
925 2009 970 2053 in
993 2026 1080 2071 quo
1097 2009 1316 2053 habitaret
1335 2007 1529 2070 'Spiritus

152 2074 231 2125 Dei
254 2117 265 2135 ,
300 2080 381 2125 nisi
407 2080 678 2142 baptizatos?
703 2080 863 2124 Saltem
884 2096 983 2137 ergo
1008 2078 1116 2124 illud
1137 2079 1302 2141 respice
1327 2077 1446 2141 quod
1469 2077 1527 2123 eis

150 2150 284 2195 dixit:
307 2172 326 2191 a
341 2149 568 2212 Numquid
584 2151 627 2195 in
651 2150 824 2195 nomine
849 2149 972 2195 Pauli
990 2149 1199 2212 baptizati
1213 2148 1364 2194 estisf’t)
1386 2170 1405 2189 »
1426 2147 1526 2193 Non

149 2221 283 2281 igitur
306 2230 532 2266 caruerant
557 2230 676 2265 tanto
695 2219 950 2279 ignorantiee
967 2219 1081 2264 malo
1096 2219 1139 2264 in
1162 2219 1337 2266 lavacro
1357 2233 1525 2277 regene-

148 2291 343 2345 rationis,
371 2290 449 2335 ubi
473 2300 617 2334 tamen
638 2290 842 2335 omnibus
881 2299 1109 2334 caruerant
1139 2289 1227 2334 sine
1247 2287 1522 2334 dubitatione

146 2362 353 2424 peccatis.
391 2363 440 2405 {it
461 2377 538 2423 per
572 2360 659 2405 hoc
682 2360 937 2420 ignorantiae
967 2360 1128 2404 malum
1163 2359 1328 2423 templo
1351 2358 1450 2411 Dei,
1474 2357 1522 2407 in

146 2449 235 2495 quo
249 2431 483 2477 habitabat
507 2430 694 2493 Spiritus
711 2431 805 2484 Dei,
827 2429 1006 2475 stultitia
1023 2436 1144 2475 crant
1163 2443 1263 2495 quae
1284 2440 1384 2475 sunt
1403 2428 1521 2491 §piri

147 2510 216 2547 tas
241 2501 320 2550 Dei
336 2501 360 2529 *⁶
387 2500 472 2547 Sed
506 2499 558 2545 de
577 2500 645 2546 die
664 2502 709 2546 in
741 2500 856 2546 diem
877 2501 910 2545 si
935 2502 1220 2564 proficerent,
1261 2510 1304 2545 et
1337 2500 1381 2544 in
1400 2496 1520 2563 qued

196 2596 295 2638 ¹sap.
315 2606 365 2634 rx,
388 2592 441 2627 15.
459 2611 500 2617 —
517 2591 532 2615 ²
556 2605 568 2624 1
591 2597 664 2627 Cor.
681 2607 718 2634 11,
740 2602 847 2631 14.—
865 2593 1010 2635 ³1d.11=‚
1038 2608 1065 2630 1.
1082 2615 1123 2620 —-
1140 2591 1468 2638 ⁴1bjd.16.-⁵1,d.
1484 2603 1516 2635 ε,

150 2648 422 2693 13.—⁶1d.11‚
443 2656 497 2686 14.
