1843 3190
49 288 223 322 CONTRA
258 288 371 318 DUAS
407 285 643 327 EPISTOLAS
680 283 1050 325 PELAGIANORUM,
1087 284 1175 317 LIB.
1217 285 1276 316 lv.
1352 271 1413 334 59

12 361 13 368 ’
44 357 257 421 phemant
278 373 288 400 ε
313 354 384 400 sed
413 353 530 418 quod
551 352 777 399 adversum
804 362 866 397 est
881 362 923 397 et
941 351 1177 412 Pelagianis
1194 390 1204 407 ‚
1227 354 1415 399 interro-

12 465 14 470 .
44 424 131 490 'gati
153 444 298 472 omnes
313 425 365 471 de
382 444 422 471 se
443 421 545 488 ipsis
569 441 665 470 cum
692 425 735 469 in
760 424 846 469 hoc
873 441 1055 486 corpore
1076 423 1302 487 degerent,
1331 441 1416 469 una

46 514 153 544 voce
184 496 520 543 concordissima
557 494 865 557 responderent
896 512 907 539 ε
947 515 967 535 «
996 493 1040 538 Si
1064 493 1293 538 dixerimus
1315 493 1417 556 quia

14 565 17 636 '4
47 566 70 610 3>
92 579 321 631 peccatum
344 584 429 612 non
454 566 685 620 habemus,
713 582 790 611 nos
810 565 924 628 ipsos
945 564 1217 620 seducimus,
1245 574 1285 609 et
1309 564 1417 609 veri-

16 680 17 694 }
46 659 68 701 {³
87 649 150 682 tas
170 638 213 683 in
240 634 366 682 nobis
399 654 491 682 non
519 635 627 682 est1,
660 657 679 676 »
713 657 733 676 «
754 636 805 679 In
835 635 983 681 futuro
1015 645 1158 679 autem
1192 645 1413 697 tempore,

16 715 18 730 ³
46 707 291 769 negandum
311 726 400 753 non
422 718 500 763 est,
527 706 767 752 mercedem
787 724 873 752 esse
890 717 978 752 tam
992 706 1208 767 bonorum
1236 722 1418 768 operum

18 815 19 826 2
44 775 174 842 vquam
202 778 414 824 malorum
435 798 446 831 ;
476 788 517 822 et
540 777 699 822 nemini
731 777 941 840 praecipi,
967 792 1068 839 quae
1090 774 1165 821 hic
1188 786 1441 838 contemp-‚

19 883 21 900 2
46 849 161 904 serit,
186 847 273 893 illic
295 848 498 893 mandata
523 847 729 910 perficere
754 865 764 891 :
785 868 804 888 ›>
834 842 906 892 sed
938 846 1079 909 plenae
1095 845 1278 905 justitiae
1298 855 1419 889 satu-

19 904 23 980 l
45 919 237 973 ritatem,
260 918 336 963 ubi
357 928 586 980 peccatum
612 934 699 961 esse
719 934 806 962 non
826 917 976 980 possit,
1005 932 1103 979 quae
1127 916 1203 961 hic
1221 933 1244 960 a
1263 915 1420 960 sanctis

20 993 23 1047 ξ
46 990 233 1050 esuritur
255 999 295 1032 et
320 989 482 1039 sititur,
506 988 580 1032 hie
601 988 763 1049 sperari
787 980 831 1031 in
851 996 1093 1050 praecepto,
1116 985 1179 1030 ibi
1197 985 1421 1047 percipiin

21 1050 227 1122 praemio
245 1095 256 1112 ,
284 1057 565 1120 eleemosynis
598 1068 641 1102 ct
678 1057 949 1102 orationibus
981 1056 1344 1119 impetrantibus,
1375 1064 1422 1100 ut

22 1135 25 1185 ζ
46 1123 163 1191 {Juod
187 1125 262 1172 hic
285 1128 426 1172 minus
446 1126 675 1189 impletum
697 1126 829 1172 fuerit
854 1125 1158 1172 mandatorum
1180 1126 1256 1172 fiat
1268 1125 1419 1187 impu-

23 1194 25 1228 l
46 1199 184 1259 nitum
208 1216 285 1261 per
305 1192 616 1257 indulgentiam
634 1208 927 1261 peccatorum.

24 1269 27 1335 ἰ
110 1270 231 1315 XIX.
271 1269 384 1325 Quae
414 1285 512 1314 cum
538 1269 598 1334 ita
622 1270 734 1323 sint,
757 1269 955 1331 desinant
980 1268 1198 1328 Pelagiani
1229 1267 1423 1331 quinque

25 1335 227 1403 istarum
263 1356 410 1384 rerum
449 1333 784 1384 insidiosissimis
824 1339 1029 1384 laudibus
1046 1374 1057 1395 a
1094 1338 1139 1384 id
1172 1349 1258 1392 est,
1296 1336 1424 1382 laude

26 1409 279 1477 {creaturae‚
301 1408 431 1454 laude
457 1410 713 1472 nuptiarum
732 1446 743 1465 ‚
773 1408 899 1455 laude
918 1409 1044 1469 legis,
1069 1408 1197 1454 laude
1212 1408 1340 1454 liberi
1357 1425 1423 1452 ar-

27 1479 194 1527 'bitrii.
234 1478 364 1524 laude
390 1490 668 1533 sanctorum,
699 1480 821 1542 quasi
857 1498 878 1524 a
906 1479 1254 1524 Manichaeorum
1276 1477 1424 1522 tendi-

48 1549 156 1606 culis
175 1549 333 1608 fingere
351 1566 393 1593 se
417 1548 616 1594 homines
640 1548 748 1595 velle
776 1566 922 1593 eruere
941 1585 950 1602 2
978 1559 1025 1594 ut
1053 1549 1218 1611 possint
1245 1564 1314 1593 eos
1339 1547 1426 1592 suis

16 1630 32 1660 ἰ
48 1614 212 1664 retibus
234 1617 461 1680 implicare
483 1636 492 1662 ε
514 1619 559 1663 id
583 1629 672 1674 est,
701 1629 749 1663 ut
768 1629 922 1677 negent
942 1618 1147 1677 originale
1164 1628 1418 1680 peccatum,

48 1699 89 1734 et
109 1687 302 1751 parvulis
321 1687 546 1732 invideant
571 1688 735 1734 Christi
760 1688 919 1733 medici
947 1687 1150 1733 auxilium
1171 1707 1182 1740 3
1214 1697 1255 1732 et
1280 1697 1327 1732 ut
1350 1687 1421 1731 di-

30 1769 149 1804 cant
167 1795 177 1811 ‚
205 1756 386 1817 gratiam
418 1758 494 1802 Dei
518 1758 759 1804 secundum
788 1758 938 1803 merita
970 1768 1115 1803 nostra
1140 1757 1261 1813 dari,
1290 1773 1339 1802 ac
1363 1756 1423 1802 sic

32 1829 184 1888 gratia
213 1831 304 1887 jam
330 1845 416 1872 non
442 1828 496 1873 sit
528 1829 719 1888 gratia23
754 1840 795 1874 et
828 1839 877 1874 ut
903 1828 1052 1874 dicant
1078 1831 1248 1873 sanctos
1270 1827 1316 1872 in
1339 1827 1426 1872 hac

27 1896 137 1944 vita
160 1915 247 1944 non
285 1898 488 1944 habuisse
531 1910 761 1962 peccatum
780 1936 791 1955 ,
834 1916 882 1945 ac
920 1899 980 1944 sic
1014 1908 1246 1945 evacuetur
1284 1897 1422 1943 oratio

50 1986 182 2033 quam
200 1969 356 2014 sanctis
380 1969 561 2015 tradidit
584 1971 659 2034 qui
679 1988 763 2016 non
790 1970 984 2016 habebat
1006 1979 1235 2033 peccatum
1252 2005 1262 2024 ‚
1285 1979 1327 2013 et
1346 1984 1424 2031 per

34 2045 179 2103 quem
199 2039 357 2085 sanctis
390 2041 616 2086 orantibus
646 2041 881 2086 dimittitur
900 2058 1038 2100 omnes
1058 2038 1328 2103 peccatum3.
1355 2037 1424 2083 Ad

35 2110 148 2155 haec
166 2110 246 2155 tria
266 2109 379 2154 mala
398 2110 595 2156 homines
612 2112 809 2157 incautos
833 2122 875 2156 et
892 2110 1129 2156 ineruditos
1146 2110 1341 2172 quinque
1366 2108 1424 2153 il-

37 2179 192 2266 lorum
215 2180 431 2224 bonorum
453 2180 729 2226 fraudulenta
762 2181 891 2227 laude
921 2181 1147 2226 seducunt.
1184 2180 1242 2223 De
1264 2177 1425 2242 quibus

38 2249 254 2295 omnihus
275 2250 372 2294 satis
392 2267 457 2295 me
471 2251 661 2296 existimo
676 2251 942 2314 respondisse
958 2267 1106 2296 eorum
1121 2246 1426 2294 crudelissimae

22 2351 25 2358 ι
51 2330 93 2365 et
115 2319 382 2383 impiissimae
402 2331 444 2365 et
461 2322 782 2384 superbissimae
803 2321 998 2367 vanitati.

115 2391 213 2437 XX.
249 2389 333 2436 bed
354 2393 561 2454 quoniam
581 2393 735 2438 dicunt
757 2411 767 2438 ε
796 2415 816 2434 ι(
838 2392 1044 2438 Inimicos
1071 2407 1169 2437 suos
1194 2389 1311 2435 dicta
1328 2406 1425 2434 nos-

41 2457 118 2506 'tra
142 2461 188 2507 in
211 2461 400 2507 veritatis
417 2462 566 2509 odium
596 2465 829 2527 suscepisse
848 2501 859 2520 ‚
890 2474 931 2508 et
956 2473 1046 2508 toto
1079 2461 1252 2525 penitus
1288 2460 1425 2521 Occi-

54 2529 180 2577 dente
200 2548 290 2576 non
311 2530 454 2598 minus
478 2534 660 2581 stultum
683 2552 814 2598 quam
831 2534 1020 2598 impium
1047 2532 1205 2594 dogma
1227 2548 1313 2578 esse
1329 2546 1425 2577 sus-

105 2611 116 2634 ¹
135 2624 147 2644 1
166 2615 262 2647 Joan.
283 2624 311 2652 1,
331 2613 363 2648 8.
379 2633 423 2640 —
441 2614 456 2638 2
472 2618 565 2651 Rom.
580 2628 625 2663 xi²
645 2618 679 2652 6.
698 2635 740 2644 —
759 2615 774 2641 3
791 2616 910 2651 Matih.
929 2627 1049 2658 v1,12.
