1843 3190
384 320 468 352 122
801 321 838 350 S·
882 320 1127 352 AUGUSTINI
1163 320 1365 351 EP1SCOP1

377 386 517 433 tendit
538 396 722 449 utraque
754 384 980 431 interfecta
1006 402 1091 431 esse
1114 403 1192 449 per
1217 387 1396 446 gratiam
1411 423 1422 443 ‚
1445 397 1494 432 ut
1515 385 1756 434 secundum

380 451 578 520 Apostoli
593 455 874 501 intentionem
894 455 993 518 plus
1008 467 1217 518 appareat
1233 456 1444 519 profuisse
1466 457 1726 516 regeneratio
1742 491 1754 509 ‚

380 544 511 590 quam
528 536 737 571 nocuerat
756 526 988 585 generatio.
1020 527 1091 571 Sic
1118 527 1230 571 6111111
1254 527 1432 590 exponit
1449 527 1569 590 quod
1590 527 1758 572 dictum
1792 554 1793 558 =

382 610 443 644 est
468 617 478 644 z
503 620 522 640 α
543 600 598 644 Et
621 615 708 644 non
728 599 840 644 sicut
863 597 1072 644 delictum
1088 635 1100 654 ‚
1124 599 1183 644 ita
1197 609 1258 644 est
1277 610 1318 644 et
1338 598 1502 644 donum
1527 616 1537 643 ι
1563 616 1663 644 nam
1683 603 1760 658 ju-

382 691 403 711 »
424 669 586 715 dicium
598 668 773 732 quidem
787 686 835 715 ex
851 687 937 715 uno
957 670 1001 714 in
1016 669 1421 715 condemnationem
1437 689 1448 723 ;
1471 670 1606 729 gratia
1619 680 1761 715 autem

381 759 403 780 2>
424 756 470 784 ex
491 738 638 783 multis
669 737 838 784 delictis
859 738 905 784 in
925 737 1323 798 justificationem1.
1356 760 1375 780 »
1402 739 1500 795 Qua
1522 739 1730 784 sententia
1745 774 1756 793 ‚

380 808 567 854 imitatio
590 807 664 853 illa
688 819 853 865 vestra,
877 808 995 870 quod
1023 819 1086 853 est
1121 808 1338 853 novitium
1357 808 1576 868 Pelagiani
1608 808 1760 853 erroris

382 877 785 923 machinamentum
806 913 817 933 ‚
858 877 995 922 Paulo
1029 877 1227 940 apostolo
1257 878 1494 931 scribente,
1523 888 1564 923 et
1594 878 1761 923 Joanne

385 947 591 1010 episcopo
610 957 848 1009 exponente
870 947 1152 994 subvertitur.
1179 947 1296 993 Dicit
1319 947 1446 993 etiam
1466 947 1518 992 de
1532 948 1628 1010 ipso
1646 947 1762 1010 bap-

383 1018 534 1071 tismo,
558 1032 774 1079 exponens
795 1016 914 1079 quod
942 1017 1001 1062 ait
1025 1017 1287 1080 Apostolus:
1307 1039 1326 1059 «
1347 1018 1626 1080 Quicumque
1644 1017 1763 1080 bap-

385 1107 407 1129 »
430 1086 549 1131 tizati
577 1102 726 1132 sumus
745 1086 790 1131 in
813 1086 1017 1143 Christo,
1051 1087 1097 1132 in
1125 1097 1261 1133 morte
1286 1087 1422 1150 ipsius
1453 1086 1665 1150 baptizati
1688 1103 1763 1132 su-
1798 1149 1799 1152 Ἴ

386 1178 407 1199 »
432 1156 573 1212 1111152,
590 1156 736 1202 »nihil
751 1173 836 1202 esse
855 1156 973 1203 aliud
988 1159 1033 1203 in
1050 1168 1188 1203 morte
1203 1157 1368 1203 Christi
1382 1157 1618 1220 baptizari,
1632 1173 1764 1220 quam

387 1237 569 1290 peccato
597 1227 733 1282 mori,
769 1227 881 1273 sicut
899 1227 970 1273 ille
989 1238 1190 1274 mortuus
1208 1238 1268 1273 est
1289 1244 1430 1274 earne.
1457 1226 1582 1273 Unde
1599 1243 1765 1272 necesse

390 1307 476 1352 est,
508 1307 556 1342 ut
588 1297 763 1360 parvuli
800 1308 873 1344 aut
900 1297 945 1343 in
983 1298 1159 1343 Christo
1186 1315 1274 1343 non
1304 1298 1598 1361 baptizentur,
1635 1306 1709 1341 aut
1732 1296 1766 1341 si

389 1366 690 1428 baptizantur,
711 1368 756 1412 in
774 1378 912 1413 morte
930 1372 1019 1428 ejus
1031 1369 1331 1431 baptizentur3
1347 1385 1395 1412 ac
1409 1368 1468 1412 sic
1484 1378 1663 1431 peccato
1683 1365 1768 1429 ipsi
1802 1414 1803 1419 ,

389 1453 564 1499 quoque
615 1438 875 1493 moriantur,
903 1449 945 1483 et
968 1439 1071 1499 quia
1101 1455 1189 1483 nou
1227 1438 1393 1483 habent
1417 1438 1676 1500 proprium,
1710 1435 1766 1482 ab

394 1505 520 1550 alieni
549 1505 690 1561 illius,
717 1506 760 1551 id
779 1517 864 1562 est,
895 1507 1135 1566 originalis,
1169 1506 1288 1570 quod
1319 1507 1513 1552 omnium
1538 1522 1767 1551 commune

391 1574 556 1621 factum
584 1587 645 1621 est
664 1613 677 1632 ,
703 1577 1072 1623 contaminatione
1095 1577 1376 1623 mundentur.

455 1646 660 1692 XXXIV.
702 1646 782 1692 His
798 1657 864 1692 tot
882 1665 930 1697 ac
954 1648 1081 1693 tantis
1098 1647 1289 1694 molibus
1307 1648 1499 1694 virorum
1519 1656 1769 1692 sanctorum
1804 1702 1806 1711 ἲ

394 1714 712 1780 doctorumque
728 1717 935 1774 vallatus,
959 1740 979 1760 «
1003 1719 1165 1765 Adhuc
1190 1735 1363 1765 causam
1382 1729 1573 1764 nostram
1593 1717 1771 1781 putabis
1805 1753 1807 1760 ,

395 1785 565 1831 nullum
600 1799 848 1833 assertorem
889 1788 942 1834 de
978 1799 1097 1835 tanta
1134 1789 1413 1834 multitudine
1453 1788 1645 1833 invenire
1685 1804 1771 1850 po-

394 1856 552 1902 tuisse?
572 1880 591 1898 »
611 1859 679 1903 An
700 1868 862 1904 tantam
882 1860 1206 1905 consensionem
1231 1859 1505 1905 sacerdotum
1526 1858 1772 1903 catholico·
1806 1866 1809 1918 ξ

394 1943 491 1972 rum
513 1964 524 1982 ‚
556 1949 577 1968 «
603 1930 979 1992 Conspirationem
1004 1930 1200 1977 dicturus
1226 1947 1268 1976 es
1303 1930 1576 1994 perditorum
1595 1932 1614 1975 Ρ
1632 1951 1652 1970 >>
1682 1930 1772 1974 Nec
1807 1919 1809 1928 x

395 2007 591 2042 sanctum
614 1998 954 2062 Hieronymum,
972 2001 1075 2063 quia
1097 2001 1325 2064 presbyter
1348 2000 1431 2047 fuit
1447 2037 1458 2056 ‚
1484 2010 1772 2045 contemnen-

397 2065 502 2112 dum
531 2067 752 2114 arbitreris
770 2106 780 2125 ‚
809 2070 883 2133 qui
907 2088 1048 2130 graeco
1071 2070 1260 2116 etlatino
1276 2108 1287 2125 ‚
1311 2070 1489 2133 insuper
1509 2080 1551 2114 et
1570 2069 1770 2123 hebraeo,
1808 2076 1811 2080 ⁴

396 2136 591 2182 eruditus
605 2137 779 2201 eloquio
797 2177 808 2195 ,
827 2158 874 2186 ex
892 2141 1170 2187 occidentali
1194 2141 1249 2187 ad
1272 2140 1541 2187 orientalem
1565 2139 1775 2185 transiens

401 2206 638 2252 Ecclesiam
656 2245 666 2263 ,
685 2209 731 2254 111
753 2209 862 2256 10615
883 2211 1041 2257 sanctis
1066 2222 1194 2275 atque
1209 2211 1256 2257 in
1274 2211 1448 2256 Litteris
1465 2210 1597 2256 sacris
1611 2246 1623 2265 ‚
1640 2224 1775 2271 usque
1810 2223 1813 2272 ξ

401 2276 454 2321 ad
474 2275 742 2340 decrepitam
766 2280 871 2326 vixit
904 2293 1075 2327 aetatem
1103 2299 1115 2327 ι
1140 2298 1374 2344 omnesque
1404 2280 1472 2326 vel
1494 2296 1605 2342 pene
1628 2295 1776 2324 omnes

401 2346 477 2409 qui
496 2357 593 2392 ante
614 2347 738 2394 illum
765 2350 930 2414 aliquid
947 2369 995 2397 ex
1019 2362 1204 2415 utraque
1223 2361 1346 2414 parte
1359 2350 1477 2396 orbis
1502 2349 1556 2394 de
1576 2348 1776 2394 doctrina

406 2415 702 2463 [eclesiastica
728 2420 992 2483 scripserant
1014 2421 1143 2481 legit,
1178 2437 1259 2466 nec
1288 2419 1418 2465 aliam
1444 2419 1497 2464 de
1531 2418 1617 2464 hac
1648 2435 1693 2463 re
1717 2428 1774 2462 te·
1812 2430 1839 2471 ff

401 2487 498 2533 nuit
521 2489 824 2553 prompsitque
846 2492 1115 2538 sententiam.
1138 2490 1345 2552 Quicum
1370 2498 1600 2553 exponeret
1616 2488 1774 2533 Jonam
1814 2486 1815 2490 ’

451 2610 462 2632 ¹
482 2612 578 2643 Rom.
597 2621 631 2652 v,
652 2610 706 2642 16.
723 2624 767 2634 ⁶——
781 2609 797 2632 2
813 2609 930 2652 rd.v1‚
951 2611 981 2641 3.
