1843 3190
248 334 421 366 CONTRA
455 333 682 367 JULIANUM
716 332 1021 373 PELffiIANUM,
1059 335 1146 367 Ltss.
1190 336 1259 367 111.
1341 336 1427 386 197

63 410 111 446 tu
126 402 216 460 jam
232 436 244 456 ,
268 399 302 445 si
319 400 387 445 vel
404 417 494 446 sero
513 401 626 463 sapis
641 437 652 456 ‚
673 418 760 446 non
774 411 896 464 potes
916 399 996 445 nisi
1014 417 1166 460 negare
1190 419 1200 446 :
1221 400 1324 465 quia
1340 418 1430 447 non

62 471 213 533 utique
236 470 270 515 si
296 470 408 516 mala
423 481 483 516 est
509 471 757 516 commixtio
783 471 1106 527 adulterorum,
1134 481 1366 534 propterea
1385 488 1433 516 ex

60 541 142 586 illis
179 542 446 586 nascentium
488 541 682 586 conditio
718 541 922 586 deformis
964 551 1026 586 est
1058 541 1305 587 homiuum.
1351 540 1435 585 Illa

60 611 225 673 quippe
239 622 299 655 est
316 611 545 656 hominum
570 611 676 656 male
694 611 967 673 operantium
988 610 1040 655 de
1054 611 1260 656 membris
1274 611 1400 656 bonis
1418 628 1429 655 ε

57 681 136 726 ista
150 697 249 725 vero
271 680 347 724 Dei
364 692 423 725 est
439 682 547 726 bene
558 682 777 743 operantis
791 681 843 725 de
864 681 1121 725 hominibus
1139 680 1274 726 malis.
1300 681 1338 735 Q
1349 679 1434 724 uod

56 751 91 795 si
115 749 267 795 dixeris
291 767 300 794 ε
331 752 471 796 Etiam
500 769 597 796 cum
635 753 685 796 sit
724 751 984 796 adulterium
1005 788 1015 806 ‚
1041 751 1158 796 bona
1197 761 1259 795 est
1288 768 1366 813 per
1393 767 1436 795 se

55 821 148 882 ipsa
174 820 447 877 commixtio,
478 823 579 885 quia
602 821 809 867 naturalis
834 831 920 875 est,
948 820 1020 866 sed
1044 838 1090 866 ea
1112 820 1224 865 male
1251 830 1435 866 utuntur

57 888 243 934 adulteri
265 907 274 933 :
302 906 379 934 cur
402 909 489 936 non
514 893 576 937 vis
601 892 874 954 acquiescere
891 927 901 945 ‚
939 890 995 935 ita
1018 908 1141 953 posse
1170 907 1256 935 esse
1278 889 1435 935 libidi-

53 975 152 1003 nem
190 959 373 1016 malam,
401 977 485 1022 qua
528 971 670 1005 tamen
707 961 817 1005 bene
853 971 1032 1005 utantur
1064 959 1268 1019 gignendi
1296 960 1435 1018 gratia

52 1028 299 1087 conjugati?
327 1031 393 1073 An
421 1041 563 1092 potest
598 1031 815 1075 bonorum
842 1046 927 1074 esse
957 1047 1058 1075 usus
1086 1030 1246 1084 malus,
1273 1040 1313 1074 et
1345 1046 1434 1074 non

51 1108 192 1160 potest
231 1097 448 1143 malorum
484 1101 660 1145 honus?
698 1116 799 1145 cum
839 1099 1109 1145 inveniamus
1145 1099 1239 1162 ipso
1273 1099 1435 1145 Satana

51 1183 186 1230 quam
213 1167 326 1212 bene
366 1185 470 1214 usus
498 1168 630 1214 fuerit
652 1167 930 1232 Apostolus1‚
962 1168 1135 1213 tradens
1150 1169 1187 1212 ei
1207 1168 1434 1214 hominem

48 1236 94 1281 in
117 1236 342 1282 interitum
361 1239 502 1283 carnis
522 1249 571 1283 ut
595 1239 772 1301 spiritus
782 1238 926 1284 salvus
945 1248 1050 1283 esset
1072 1239 1116 1282 iu
1137 1236 1207 1283 die
1224 1237 1424 1294 Domini,

48 1317 90 1351 et
114 1306 218 1351 alios
232 1317 280 1351 ut
298 1306 512 1354 discerent
532 1325 620 1354 non
644 1308 952 1370 blasphemare
965 1307 998 1353 2.

111 1376 253 1422 XVII.
298 1376 429 1432 Quod
456 1395 556 1423 vero
586 1377 868 1441 superaddis,
896 1388 936 1423 et
960 1377 1068 1422 dicis
1092 1395 1102 1421 :
1131 1397 1150 1418 t<
1174 1376 1256 1421 Rei
1280 1386 1428 1422 autem

47 1444 173 1489 malae
194 1446 310 1490 Deus
334 1457 487 1492 auctor
504 1465 590 1493 esse
614 1465 703 1493 non
727 1458 871 1511 potest
887 1484 898 1503 ,
926 1468 946 1489 »
968 1445 1192 1511 quomodo
1217 1446 1262 1491 id
1286 1445 1426 1492 dicis?

46 1513 203 1559 Melius
231 1514 345 1560 enim
373 1515 496 1579 loqui
518 1518 641 1564 novit
665 1518 756 1580 ipse
780 1533 913 1580 quam
934 1528 1008 1573 tu,
1028 1518 1105 1580 qui
1128 1533 1206 1578 per
1226 1516 1429 1578 Prophe-

46 1593 133 1628 tam
157 1583 289 1640 dicit,
323 1601 466 1631 creare
500 1604 541 1632 se
574 1587 731 1633 malass.
763 1586 930 1632 Deinde
969 1586 1303 1649 quomodolibet
1340 1602 1427 1631 sese

44 1654 206 1699 habeat
226 1654 325 1700 haec
348 1657 648 1718 superadditio
670 1668 740 1702 tua
755 1694 766 1711 ,
791 1656 898 1720 quid
918 1656 973 1702 ad
987 1674 1053 1701 me
1067 1655 1254 1719 pertinet
1273 1692 1284 1711 ‚
1313 1672 1418 1701 cum

43 1723 155 1769 illud
173 1723 246 1768 cui
270 1725 546 1771 connectitur
564 1743 652 1771 non
680 1725 979 1782 concesserim,
1007 1743 1055 1770 eo
1078 1724 1199 1789 quod
1220 1724 1425 1769 inconse-

42 1810 178 1856 quens
209 1809 296 1839 esse
329 1796 658 1842 monstraverim
677 1832 688 1852 ‚
718 1806 767 1841 ut
790 1795 997 1841 deformis
1022 1795 1075 1839 sit
1096 1793 1290 1840 conditio
1317 1810 1422 1839 cor-

41 1880 201 1926 porum
219 1900 231 1920 ,
269 1864 436 1910 etiamsi
471 1883 643 1911 omnem
686 1865 1037 1911 commixtionem
1081 1880 1318 1927 corporum
1355 1863 1424 1910 vel

42 1933 268 1996 utriusque
286 1950 404 1980 sexus
425 1936 583 1981 malam
601 1953 687 1981 esse
710 1935 993 1981 concederem
1009 1938 1027 1980 9
1048 1935 1108 1979 [Ξῖ
1124 1934 1238 1980 enim
1260 1949 1423 1979 conce-

41 2002 195 2049 damus
220 2005 361 2050 Deum
384 2006 545 2052 nullius
569 2024 655 2052 esse
678 2017 899 2052 auctorem
919 2005 1024 2051 mali
1046 2023 1057 2050 ε
1079 2003 1298 2067 numquid
1321 2002 1420 2049 ideo

39 2089 128 2118 non
146 2083 208 2119 est
231 2085 382 2121 auctor
411 2075 672 2122 conditionis
707 2093 968 2139 corporum,
995 2091 1128 2139 quam
1146 2073 1268 2118 nullo
1286 2072 1419 2118 modo

41 2142 199 2188 malam
224 2160 311 2189 esse
332 2146 523 2191 concessi
546 2164 556 2191 :
579 2147 681 2209 quia
700 2145 820 2191 nulla
838 2162 905 2190 me
924 2145 980 2190 ad
993 2145 1080 2190 hoc
1102 2143 1300 2206 superius
1314 2159 1420 2187 con-

38 2231 155 2261 cessa
174 2213 420 2273 cogebant?
445 2216 591 2260 [nanis
611 2232 711 2275 ergo
729 2225 771 2260 et
794 2214 977 2260 ridenda
994 2225 1069 2259 tua
1089 2212 1294 2258 remansit
1313 2211 1418 2257 illa-

37 2284 128 2340 tio,
169 2300 257 2347 qua
297 2284 525 2330 concludis
559 2296 602 2330 et
633 2285 742 2330 dicis
769 2303 779 2330 :
807 2306 828 2326 α
857 2284 1021 2331 Omnia
1057 2283 1191 2342 igitur
1232 2298 1418 2344 corpora

37 2354 152 2400 malo
169 2364 428 2418 reputantur
444 2356 627 2403 auctori.
657 2379 676 2397 ›.›
697 2358 738 2401 M
747 2356 837 2401 ulto
857 2356 972 2400 enim
993 2354 1134 2399 verius
1150 2354 1210 2398 ita
1235 2351 1416 2398 conclu-

36 2424 173 2479 ditur,
196 2435 244 2469 ut
257 2424 455 2470 dicamur
478 2443 488 2470 :
520 2425 566 2470 Si
591 2442 670 2471 nec
695 2425 805 2471 mala
829 2424 1078 2471 commixtio
1105 2421 1410 2468 adulterorum

35 2494 143 2541 facit
158 2512 243 2540 esse
266 2494 423 2541 malam
446 2495 738 2542 conditionem
763 2512 1030 2559 corporum3
1054 2503 1126 2539 aut
1150 2492 1185 2538 si
1216 2492 1334 2538 bona
1351 2500 1414 2536 est

37 2575 80 2610 et
113 2564 159 2609 in
184 2563 386 2609 adulteris
421 2582 540 2611 sexus
579 2566 801 2630 utriusque
827 2564 1102 2619 commixtio,
1129 2561 1203 2608 sed
1237 2577 1285 2606 ea
1309 2558 1413 2608 mali

88 2647 98 2668 ¹
121 2657 132 2678 1
151 2647 229 2679 Cor.
251 2657 282 2686 v,
306 2646 335 2677 5.
350 2663 397 2672 -
412 2645 427 2667 ‘²
452 2658 463 2677 1
487 2646 571 2681 Tim.
596 2658 624 2687 1,
643 2658 696 2680 20.
717 2665 757 2672 -·-
779 2644 880 2689 ³15ai.
898 2657 974 2685 ην,
995 2657 1026 2685 7.
