1843 3190
274 268 450 303 CONTRA
480 268 707 302 summunt
741 268 1047 312 PELAGIANUM,
1086 271 1174 302 ma.
1217 272 1277 303 1v.
1353 257 1446 320 309

70 337 215 386 bolica
239 338 308 386 vel
323 338 552 384 inhonesta
568 336 786 391 fecerunt3
807 336 880 382 sed
898 337 1001 401 quia
1020 337 1305 400 pavitabant,
1331 337 1377 384 in
1397 355 1446 384 ea

0 409 1 450 ἒ
69 427 157 475 qua
175 410 369 474 primum
381 409 554 454 fuerant
569 408 796 453 honestate
807 407 1105 471 permanentia
1123 408 1320 453 membra
1339 419 1447 454 texe-

67 491 185 528 runt.
213 502 234 522 >2
256 480 322 526 Ad
341 479 461 544 quod
486 477 728 542 respondeo
747 515 758 534 ,
796 477 1013 523 diabolica
1037 478 1218 541 quidem
1249 478 1448 524 membra

66 568 155 597 non
191 569 277 597 esse
294 589 305 606 ,
341 560 555 614 quantum
592 549 648 595 ad
682 566 831 595 eorum
868 549 1155 594 substantiam
1176 585 1188 602 ‚
1231 550 1414 608 figuram
1431 587 1444 606 ,

65 621 406 686 qualitatemque
424 620 641 684 pertinet,
669 637 803 683 quam
826 618 1026 664 condidit
1053 619 1167 664 Deus
1189 636 1199 662 2
1229 620 1301 663 sed
1322 620 1353 663 si
1373 637 1448 664 ea-

64 691 163 737 dem
180 692 378 737 membra
400 691 446 736 in
469 707 556 753 qua
577 691 698 754 prins
721 689 896 735 fuerant
912 689 1139 734 honestate
1162 700 1441 746 manserunt,

63 778 142 808 cur
164 779 212 808 ea
236 762 343 807 dixit
366 761 604 824 Apostolus
626 758 919 806 inhonestam
941 761 1057 804 Bene
1074 759 1196 822 quod
1216 759 1309 822 ipse
1333 776 1445 804 con-

59 832 191 878 fessus
217 850 284 889 es,
318 832 392 878 illa
416 832 615 878 membra
646 831 777 877 fuisse
801 831 924 894 prius
952 830 1134 875 honesta
1165 848 1176 874 ε
1211 847 1301 875 11011
1330 830 1446 875 6111111

61 901 178 948 aliud
203 920 344 966 posses
367 902 448 948 nisi
482 902 742 966 blasphema
776 901 982 964 opinione
1017 900 1188 946 sentire.
1221 900 1334 955 Quae
1356 899 1443 959 igi-

58 983 132 1019 tur
165 975 281 1019 Deus
314 973 498 1018 honesta
538 973 727 1028 fecerat,
775 972 882 1018 dixit
921 971 1154 1034 Apostolus
1187 970 1432 1016 inhonesta.

59 1043 245 1089 Causam
269 1043 441 1106 requiro
471 1060 481 1087 ε
509 1043 543 1088 si
569 1043 658 1090 hoc
681 1060 771 1088 non
799 1053 980 1106 peccato
1004 1041 1170 1087 facturn
1196 1052 1286 1096 est,
1323 1040 1439 1086 unde

56 1114 220 1160 factum
247 1117 339 1159 est?
367 1113 478 1170 Quis
495 1113 678 1159 honesta
699 1113 779 1158 Dei
805 1130 937 1175 opera
962 1111 1290 1166 dehonestavit,
1324 1122 1372 1156 ut
1394 1128 1442 1156 ea

54 1185 285 1231 inhonesta
309 1195 482 1231 sanctus
508 1184 742 1247 Apostolus
772 1184 964 1229 diceret?
1001 1185 1160 1229 Utrum
1192 1182 1439 1238 habitudo,

53 1255 100 1300 in
133 1272 220 1318 qua
248 1265 310 1300 est
334 1254 506 1300 solertia
528 1254 740 1307 creantis;
766 1272 820 1299 an
841 1253 980 1299 libido
1001 1290 1012 1309 ,
1043 1253 1087 1298 iu
1111 1270 1199 1316 qua
1218 1263 1281 1297 est
1308 1269 1443 1315 poena

52 1325 303 1388 peccantis?
323 1325 436 1370 Nam
459 1324 589 1370 etiam
607 1341 725 1370 nunc
747 1323 870 1387 quod
900 1326 1015 1369 Deus
1039 1323 1103 1368 ihi
1125 1322 1256 1377 facit,
1278 1322 1442 1367 hones-

56 1406 148 1441 tum
170 1406 262 1441 est:
291 1394 413 1459 quod
437 1394 556 1455 origo
589 1395 842 1449 contrahit,
877 1394 1173 1439 inhonestum.
1217 1394 1273 1437 Et
1295 1402 1439 1437 tamen

51 1483 104 1512 ne
139 1467 225 1512 sint
255 1467 451 1512 scissurae
479 1466 525 1511 111
556 1482 741 1528 corpore
759 1502 770 1521 ,
809 1465 1113 1510 contributum
1143 1474 1205 1509 est
1227 1463 1438 1508 divinitus

50 1537 192 1582 sensui
214 1536 429 1592 naturali,
453 1546 501 1581 ut
524 1553 606 1599 pro
624 1535 812 1582 invicem
830 1534 1012 1580 sollicita
1032 1536 1117 1579 sint
1138 1534 1334 1579 membra
1362 1551 1372 1577 :
1396 1544 1437 1579 et

49 1606 169 1670 quod
188 1605 492 1652 dehonestavit
515 1605 872 1669 concupiscentia
889 1642 900 1660 ,
926 1615 1127 1665 contegat
1150 1602 1428 1650 verecundia.

112 1677 341 1723 LXXXII.
374 1676 458 1722 Sed
485 1676 595 1722 dicis
623 1694 634 1721 z
656 1698 676 1717 «
700 1676 791 1721 Cur
818 1675 967 1721 audita
990 1692 1096 1721 voce
1124 1674 1207 1720 Dei
1224 1673 1435 1719 deambu-

47 1747 177 1793 lantis
206 1747 252 1793 in
274 1746 480 1810 paradiso
505 1746 833 1792 absconderunt
859 1763 902 1791 se
924 1746 1065 1792 Adam
1086 1756 1127 1790 et
1145 1743 1302 1790 mulier
1319 1746 1429 1802 ejus,

48 1833 149 1872 cum
167 1817 434 1880 perizomata
452 1816 527 1862 illa
550 1816 743 1863 sufficere
763 1816 1032 1880 potuissent,
1055 1816 1089 1861 si
1113 1816 1166 1861 de
1178 1813 1432 1875 genitalium

46 1887 244 1933 nuditate
262 1887 534 1933 erubuissent
550 1887 596 1933 2?
622 1908 642 1928 ))
663 1887 782 1944 Quid
808 1897 870 1932 est
887 1886 1006 1949 quod
1032 1886 1165 1941 dicis,
1201 1902 1290 1930 11011
1306 1883 1431 1929 inve-

46 1957 206 2004 niendo
225 1957 346 2022 quod
365 1957 512 2010 dicas;
539 1974 618 2003 nec
639 1956 842 2012 attendis,
875 1956 998 2020 quod
1023 1957 1167 2002 animo
1185 1945 1432 2018 trepidante

47 2047 69 2074 a
93 2029 202 2075 facie
221 2028 416 2084 Domini,
435 2028 696 2074 abstrusiora
714 2027 899 2074 latibula
916 2028 1210 2091 quaesierunt?
1232 2026 1313 2071 Illa
1327 2041 1428 2070 vero

42 2099 207 2145 lumbis
222 2099 533 2161 circumposita
557 2099 763 2158 tegmina,
786 2109 953 2143 motum
980 2098 1057 2161 qui
1077 2098 1139 2143 ibi
1163 2097 1429 2143 sentiebatur

44 2168 340 2216 erubescendo
358 2167 572 2214 velarunt.
608 2169 653 2213 Si
681 2185 782 2214 cum
809 2168 918 2214 nudi
941 2179 1093 2224 essent,
1122 2185 1210 2213 non
1235 2165 1427 2212 confun-

44 2240 292 2293 debantur3
313 2248 442 2284 restat
465 2248 515 2283 ut
531 2238 781 2284 confusione
803 2256 845 2284 se
879 2239 1073 2285 texerint.
1111 2237 1428 2284 Confusionem

42 2310 326 2358 inhonestatis
347 2326 455 2365 esse,
486 2326 575 2354 non
599 2308 800 2356 dubium.
834 2309 1027 2372 Ideoque
1059 2309 1124 2355 ibi
1144 2308 1311 2353 dictum
1334 2317 1423 2351 est:

45 2402 65 2424 ι)
94 2381 213 2428 Nudi
236 2390 386 2436 erant,
413 2389 453 2425 et
484 2397 572 2425 11011
597 2379 983 2425 confundebantur
1004 2380 1020 2408 3
1042 2400 1053 2434 3
1085 2401 1105 2421 «
1130 2390 1178 2425 ut
1214 2387 1426 2441 appareat

43 2450 295 2497 confusione
315 2449 479 2496 factum
495 2487 507 2506 ,
534 2450 653 2514 quod
684 2461 832 2514 postea
857 2450 1065 2514 pudenda
1092 2460 1300 2496 texerunt.
1337 2448 1424 2492 Hic

42 2531 185 2568 autem
211 2519 291 2566 ubi
308 2537 350 2566 se
383 2520 706 2567 absconderunt
721 2522 767 2567 in
786 2520 931 2567 medio
948 2521 1054 2582 ligni
1088 2519 1297 2585 paradisi,
1327 2534 1422 2563 res-

89 2605 100 2627 ¹
122 2616 136 2636 1
157 2605 233 2638 Cor.
252 2605 386 2650 2411223.
404 2620 450 2632 —-
468 2601 484 2627 ²
499 2605 582 2639 Gen.
601 2615 661 2645 111,
678 2605 769 2637 8.-
785 2602 867 2637 31d.
886 2615 926 2646 11,
943 2606 999 2639 25.
