1843 3190
359 251 533 282 CONTRA
567 253 789 284 JTLIANUM
824 252 1132 297 PELAGIANUM,
1171 256 1258 287 Lm.
1302 257 1351 289 11.
1450 245 1537 306 149

167 315 338 362 vertisse
355 317 399 360 in
426 328 643 373 naturam,
671 318 826 363 animae
853 318 1076 380 carnisque
1101 319 1379 377 discordiam,
1403 333 1445 367 et
1460 340 1539 385 per

166 387 246 432 has
264 386 513 432 inimicitias
533 388 659 433 nobis
679 388 901 434 abundare
923 389 1134 444 miserias,
1155 391 1327 435 nonnisi
1350 393 1426 436 Dei
1452 394 1543 438 mi—

170 456 402 501 sericordia
426 457 650 504 finiendas.
705 458 803 503 Noli
830 463 920 517 jam
959 458 1069 503 mihi
1096 459 1343 504 adversari:
1383 478 1483 506 nam
1506 464 1541 508 si

168 526 314 572 adhuc
330 526 457 582 facis,
482 528 551 572 cui
581 529 648 572 vel
677 530 839 591 quibus
863 529 990 573 simul
1031 529 1284 586 adverseris,
1332 530 1532 579 advertis.

167 617 186 637 «
207 598 277 640 Me
299 613 454 659 nempe
479 597 620 642 dixisti
649 598 759 642 nihil
796 599 930 656 magis
968 598 1182 654 laborare,
1211 616 1341 661 quam
1366 611 1414 644 ut
1454 618 1544 646 non

164 666 395 725 intelligar.
433 668 551 711 Etim
585 668 849 730 quibusdam
875 668 981 712 locis
1016 685 1159 713 sensus
1180 686 1292 713 meos
1328 669 1383 714 ad
1414 680 1540 716 tuum

164 736 310 799 potius
334 737 628 799 interpretaris
653 738 879 782 arbitrium
896 774 906 792 ,
934 738 1116 782 abutens
1153 738 1426 784 tardiusculis
1446 756 1541 785 cor-

165 806 295 850 dibus
326 805 581 861 hominum‚
634 808 707 868 qui
742 817 782 851 te
820 824 904 851 non
940 806 1188 866 intelligunt
1216 819 1355 853 tacere
1393 809 1540 871 potius

163 874 365 930 noluisse,
387 892 519 938 quam
542 876 799 938 respondere
812 877 1003 939 potuisse
1022 879 1097 921 uni
1115 895 1227 933 ineo,
1252 889 1443 941 quatuor
1458 896 1540 924 vo-

162 944 402 989 luminibus
427 946 522 991 tuis.
557 947 669 991 Ecce
692 946 837 991 fundit
863 946 1122 1008 eloquentiae
1148 947 1344 992 lucidum
1370 966 1421 994 ac
1436 966 1541 1011 per-

163 1014 362 1074 spicuum
384 1014 547 1058 flumen
581 1016 834 1060 Ambrosius
860 1033 870 1059 t
895 1032 982 1059 non
1007 1027 1068 1060 est
1094 1017 1171 1061 ubi
1192 1017 1354 1062 haereat
1380 1018 1533 1074 lector,

162 1082 240 1126 ubi
262 1082 415 1141 caliget
439 1083 624 1129 auditor.
653 1085 994 1129 Manifestissime
1030 1084 1137 1130 dicit
1158 1087 1417 1148 Apostolum
1439 1087 1538 1133 ideo

162 1151 328 1206 dixisse,
351 1173 370 1192 c<
383 1154 492 1209 Quis
504 1171 569 1199 me
584 1154 787 1199 liberabit
806 1155 859 1200 de
871 1172 1056 1217 corpore
1070 1157 1220 1200 mortis
1239 1157 1387 1215 hujuS,
1401 1178 1421 1197 n
1436 1157 1541 1219 quia

162 1239 307 1266 omnes
343 1223 423 1267 sub
449 1235 630 1285 peccato
658 1225 894 1281 nascimur,
918 1235 959 1269 et
996 1225 1088 1286 ipse
1121 1236 1240 1269 ortus
1263 1226 1308 1270 in
1327 1225 1430 1270 vitio
1455 1236 1531 1272 est.

161 1293 499 1338 manifestissime
520 1294 644 1347 dicit,
668 1295 903 1339 Dominum
920 1295 1147 1339 Christum
1161 1306 1390 1357 propterea
1402 1294 1533 1340 fuisse

161 1364 248 1407 sinc
268 1374 465 1424 peccato,
487 1364 605 1426 quod
629 1375 754 1409 natus
781 1382 827 1409 ex
848 1365 1012 1423 virgine
1034 1366 1218 1410 vinculis
1238 1365 1441 1410 obnoxiae
1459 1382 1536 1424 ge-

158 1433 390 1478 nerationis
419 1444 676 1497 naturaeque
713 1437 955 1480 communis
996 1435 1174 1479 minime
1211 1445 1454 1489 teneretur,
1491 1445 1535 1479 et

159 1503 381 1548 damnasse
399 1515 627 1566 peccatum
665 1506 783 1567 quod
818 1505 1035 1550 nascendo
1056 1522 1144 1550 non
1169 1506 1308 1550 sensit.
1337 1505 1535 1566 Apertis-

158 1573 261 1616 sime
280 1573 415 1629 dicit,
442 1574 560 1635 quod
585 1574 787 1620 dissensio
825 1575 964 1620 carnis
989 1586 1031 1619 et
1049 1575 1204 1619 animae
1224 1591 1303 1636 per
1318 1574 1534 1636 praevari-

158 1643 369 1687 cationem
390 1644 521 1704 primi
538 1644 728 1689 hominis
744 1646 789 1689 in
814 1655 1017 1689 naturam
1037 1644 1225 1689 verterit.
1258 1645 1536 1706 Apertissime

158 1711 281 1763 dicit,
302 1728 475 1756 carnem
493 1712 729 1758 libidinum
742 1714 1022 1759 volutabrum
1040 1713 1113 1759 div
1116 1730 1161 1758 el
1163 1729 1395 1775 serumque
1408 1730 1435 1758 v
1437 1713 1534 1758 itio-

157 1799 254 1826 rum
275 1791 378 1826 tunc
397 1782 559 1827 mutari
574 1783 619 1828 in
634 1784 713 1828 Dei
729 1784 942 1860 templum
949 1783 1276 1860 sacrariumque
1289 1783 1530 1839 virtutum,

158 1868 257 1896 cum
294 1852 338 1896 in
376 1862 577 1897 naturam
598 1870 782 1912 regressa
820 1853 980 1913 vigoris
1004 1853 1069 1898 sui
1093 1852 1286 1912 agnoscit
1310 1852 1524 1908 altricem,

158 1931 287 1983 atque
322 1938 428 1966 ausu
464 1921 660 1985 deposito
707 1924 1023 1979 contumaciae,
1067 1922 1332 1967 moderantis
1376 1923 1532 1967 animae

154 1996 412 2051 conjugatur
443 1994 623 2038 arbitrio
659 2013 669 2038 ε
708 1995 848 2057 qualis
871 1994 956 2039 fuit
996 2011 1096 2040 cum
1123 1992 1414 2038 inhabitanda
1437 2011 1523 2055 pa·-

155 2063 283 2108 radisi
320 2074 480 2108 secreta
505 2065 710 2127 suscepit,
743 2076 971 2128 antequam
995 2075 1101 2110 esset
1140 2080 1303 2109 veneno
1335 2062 1533 2126 pestiferi

156 2132 363 2194 serpentis
389 2132 560 2179 infecta.
600 2134 720 2189 Quid
746 2134 892 2179 adbuc
931 2134 1131 2179 adversus
1168 2150 1362 2195 mequos
1396 2134 1534 2178 libros

158 2201 365 2256 moliaris,
390 2201 602 2263 inquiris?
643 2202 774 2248 Illum
796 2203 956 2266 aspice,
985 2203 1186 2249 adversus
1212 2202 1337 2247 illum
1362 2201 1530 2265 aliquid

157 2270 286 2325 aude,
317 2271 392 2333 qui
425 2271 599 2316 haeresis
622 2283 774 2317 vestrae
792 2273 967 2318 venenis
989 2283 1220 2334 antequam
1236 2283 1531 2328 nascerentur,

156 2341 364 2396 occurrit,
392 2341 508 2386 unde
524 2353 697 2404 possent
717 2343 883 2405 expelli,
902 2344 1001 2389 haec
1020 2343 1219 2389 antidota
1242 2343 1523 2405 praeparavit.

158 2413 270 2468 Quae
297 2411 330 2456 si
350 2412 448 2456 satis
473 2429 563 2457 non
586 2424 702 2469 sunt,
728 2414 873 2459 adhuc
899 2413 1015 2461 audi.

222 2483 325 2529 XII.
351 2482 404 2527 In
422 2481 535 2528 libro
562 2482 616 2529 de
637 2485 755 2530 Isaac
775 2495 817 2532 et
839 2485 983 2531 anima
1003 2484 1119 2531 idem
1143 2482 1252 2530 dicit
1267 2483 1285 2513 1
1308 2501 1319 2529 :
1343 2505 1364 2526 α
1382 2484 1529 2532 Bonus

206 2565 216 2587 ¹
236 2564 421 2597 Ambrosius
434 2565 468 2599 in
486 2565 544 2600 lib,
563 2567 602 2599 de
621 2569 708 2600 Isaac
729 2573 761 2599 et
773 2567 891 2613 anima,
908 2579 934 2600 c.
953 2570 986 2602 8,
