1843 3190
20 3087 37 3190 ⁷2⁸„ss
22 3062 23 3068 „
22 3004 23 3009 „
22 2884 24 2895 ψ

295 306 471 339 CONTRA
505 303 730 340 JULIANUM
765 304 1070 348 PELAGIANUM,
1108 305 1194 339 ΠΒ.
1237 308 1269 340 1.
1382 303 1471 342 121‘

103 386 169 422 tro
191 373 310 438 quod
329 374 500 437 scripsit
525 373 664 419 Adam
680 409 692 429 ,
716 383 756 417 et
774 372 1086 436 posterioribus
1111 375 1299 436 propriis
1316 373 1472 423 debitis

102 444 325 504 obligatos.
361 443 547 507 Exponit
572 442 767 506 Apostoli
786 443 934 489 locum
960 442 1005 487 in
1024 459 1110 506 quo
1132 453 1219 488 tota
1239 444 1320 490 ista
1343 461 1472 492 631153

102 514 297 561 consistit
312 550 323 570 ,
349 513 427 558 ubi
450 513 663 575 scriptum
687 522 748 557 est
767 530 778 557 ς
796 514 913 558 «Per
926 528 1062 557 unum
1076 512 1300 559 hominem
1317 530 1473 577 pecca-

101 605 122 626 »
137 594 231 628 tum
252 583 430 628 intravit
446 582 491 627 in
502 580 753 637 mundum1‚
769 603 790 623 »
807 592 848 627 et
867 593 1023 627 caetera
1038 581 1146 627 huic
1158 585 1376 629 sententiae
1395 602 1473 630 co-

99 653 320 699 haerentia.
340 654 429 697 Nec
445 652 488 697 in
505 662 588 696 tam
606 651 770 714 prolixa
786 669 859 697 sua
877 651 1171 714 disputatione
1190 653 1309 716 quod
1329 653 1473 699 dicitis

99 723 231 778 dicit,
255 740 342 767 non
365 722 678 784 propagatione
707 723 870 780 generis
890 721 976 766 1106
1006 732 1237 783 peccatum
1256 723 1298 767 in
1325 740 1470 768 omnes

97 793 313 847 homines,
342 791 414 836 sed
431 791 672 836 imitatione
696 791 891 836 transisse
912 808 923 835 :
954 791 1041 835 imo
1067 807 1088 835 e
1104 793 1319 837 contrario
1337 809 1471 855 quam

98 880 138 908 56
169 880 232 908 res
270 863 391 907 aliter
414 862 575 907 habeat
606 880 628 907 a
663 862 1021 923 coepiscoporum
1050 878 1226 907 suorum
1251 862 1473 908 sententiis

96 951 182 978 non
207 931 496 977 dissentiendo
515 932 794 978 demonstrat.
827 932 947 977 Dicit
970 932 1108 987 enim,
1131 933 1275 977 onmia
1289 943 1471 995 peccato

95 1002 227 1065 primi
254 1002 442 1046 hominis
471 1018 556 1046 esse
583 1003 878 1047 contaminata
901 1019 911 1045 :
935 1011 977 1045 et
1000 1018 1053 1045 ne
1079 1001 1167 1046 1106
1190 1018 1276 1046 11011
1301 1019 1472 1061 genera-

94 1072 210 1116 tione
227 1070 387 1116 carnali
404 1108 415 1126 ,
436 1070 507 1115 sed
524 1071 764 1116 imitatione
779 1070 931 1115 morali
955 1070 1120 1114 factum
1134 1081 1336 1133 putetur,
1365 1072 1473 1117 dicit

97 1141 236 1187 Adam
256 1150 486 1203 propterea
499 1139 668 1186 dictum
688 1140 874 1186 formam
889 1139 1050 1194 futuri,
1076 1141 1177 1202 quia
1203 1140 1315 1185 sicut
1337 1141 1408 1186 1116
1423 1158 1472 1187 ex

95 1211 321 1273 semetipso
350 1210 627 1256 nascentibus
644 1247 656 1266 ,
691 1210 887 1273 quamvis
915 1226 1004 1254 non
1035 1209 1394 1257 manducaverint
1417 1210 1471 1256 de

94 1279 233 1339 ligno,
272 1280 408 1326 factus
437 1291 499 1325 est
522 1297 648 1326 causa
671 1280 847 1336 mortis,
884 1296 984 1343 quae
1017 1296 1096 1341 per
1115 1279 1264 1325 cibum
1290 1280 1471 1326 inducta

95 1361 182 1404 est3
204 1352 263 1396 ita
287 1363 328 1396 et
354 1351 553 1396 Christus
569 1351 620 1396 iis
634 1352 711 1414 qui
731 1345 777 1396 611·
787 1352 883 1413 ipso
904 1361 1019 1406 sunt,
1040 1350 1206 1395 tametsi
1224 1350 1336 1396 nihil
1354 1354 1469 1410 juste

95 1421 280 1479 egerint,
308 1421 446 1466 factus
476 1432 537 1467 est
559 1422 759 1484 provisor
787 1420 992 1480 justitiae,
1025 1437 1157 1483 quam
1183 1437 1260 1483 per
1293 1437 1469 1469 crucem

94 1492 297 1536 omnibus
322 1492 599 1537 condonavit.
633 1492 779 1548 Dicit,
817 1491 1024 1536 Judaeum
1060 1501 1287 1549 negantem
1310 1491 1470 1538 virtute

95 1561 222 1605 unius
247 1561 411 1606 Christi
434 1561 648 1607 mundum
668 1578 791 1624 posse
812 1560 967 1606 salvari
985 1596 996 1616 ,
1021 1559 1074 1604 de
1087 1560 1222 1622 ipsius
1240 1560 1468 1622 primiho—

93 1630 220 1675 minis
243 1641 423 1693 peccato
443 1631 725 1676 refutandum
741 1669 752 1688 ,
769 1648 855 1693 quo
877 1647 964 1675 uno
990 1629 1265 1674 inobediente
1282 1629 1468 1677 damna-

95 1710 162 1744 tus
176 1711 237 1745 est
251 1702 453 1747 mundus.
477 1700 623 1755 Dicit,
646 1717 733 1746 non
756 1699 882 1746 valde
905 1698 1041 1745 videri
1056 1697 1218 1743 habere
1236 1698 1464 1756 rationem,

95 1781 142 1814 111
165 1769 272 1816 311115
307 1787 388 1834 pro
424 1769 505 1815 alio
540 1769 787 1826 damnetur,
824 1779 865 1814 et
899 1779 1044 1813 tamen
1079 1766 1245 1812 factum
1269 1784 1356 1814 esse
1390 1787 1468 1832 per

96 1840 234 1886 Adam
259 1859 269 1886 z
298 1841 413 1886 unde
430 1842 563 1900 magis
580 1841 811 1904 persuadet
834 1857 920 1886 esse
940 1838 1206 1884 credendum
1222 1875 1233 1894 ,
1257 1839 1377 1902 quod
1397 1840 1469 1886 de-

94 1911 258 1956 centius
283 1922 324 1957 et
347 1911 648 1958 rationabilius
674 1922 885 1975 apparet,
914 1909 1069 1956 salvari
1093 1908 1225 1954 alium
1251 1927 1333 1972 pro
1358 1911 1465 1965 alio3

94 1981 213 2043 quod
246 1981 455 2044 impletur
488 1981 535 2027 in
577 1982 768 2028 Christo.
801 1983 910 2038 Quis
938 1990 1082 2025 autem
1107 1995 1196 2023 non
1227 1978 1397 2036 videat,
1435 1981 1469 2026 si

93 2061 321 2113 peccatum
333 2051 464 2115 primi
479 2051 667 2098 hominis
681 2070 767 2098 non
780 2050 1096 2116 propagatione
1107 2087 1118 2105 ,
1137 2048 1210 2094 sed
1227 2049 1469 2097 imitatione

92 2136 171 2182 per
190 2137 336 2166 omnes
357 2121 556 2166 homines
584 2123 834 2184 pertransiit
855 2159 865 2178 ,
903 2122 1120 2167 neminem
1149 2137 1231 2182 pro
1253 2119 1335 2164 alio
1357 2157 1367 2175 ,
1393 2121 1468 2166 sed

93 2206 170 2234 5110
192 2189 389 2235 damnari
409 2207 766 2254 unumquemque
790 2191 998 2255 peccato,
1030 2189 1150 2253 quod
1173 2205 1262 2233 non
1291 2189 1400 2235 alius
1424 2191 1471 2237 in

93 2276 190 2305 eum
220 2261 463 2319 generando
486 2262 745 2319 transmisit,
771 2262 844 2308 sed
870 2263 961 2325 ipse
980 2259 1192 2306 imitando
1212 2276 1288 2305 5113
1308 2260 1469 2307 volun-

93 2339 178 2374 tate
199 2331 448 2376 commisit?
474 2332 618 2388 Dicit,
656 2349 733 2396 per
765 2333 946 2392 gratiam
976 2348 1064 2376 non
1083 2329 1194 2376 illud
1212 2346 1349 2376 unum
1368 2342 1470 2378 tan-

93 2399 319 2445 tummodo
339 2401 472 2464 primi
496 2401 686 2448 hominis
701 2440 712 2459 ,
734 2403 807 2448 sed
828 2403 958 2449 etiam
982 2411 1083 2465 post
1108 2399 1219 2446 illud
1241 2400 1470 2448 introeun-

93 2471 153 2515 tia
185 2470 410 2516 interfecta
444 2489 529 2518 esse
558 2484 756 2536 peccata.
796 2475 889 2519 Ubi
925 2474 1025 2519 satis
1055 2473 1206 2536 utique
1238 2472 1467 2534 distinguit

94 2550 270 2602 peccata
305 2542 569 2604 posteriora,
613 2560 713 2608 quae
750 2545 838 2591 dici
866 2554 1050 2609 possunt
1080 2543 1319 2590 imitatione
1342 2561 1468 2590 com-

92 2611 241 2668 missa,
270 2611 326 2660 ab
348 2612 423 2662 illo
443 2630 530 2660 uno
551 2614 671 2678 quod
694 2616 1006 2681 propagatione
1029 2615 1277 2680 pertransiit
1299 2633 1310 2662 :
1331 2625 1373 2664 et
1396 2631 1467 2663 os·-
