1843 3190
106 294 280 327 CONTRA
313 293 428 325 DUAS
462 289 696 324 EPISTOLAS
735 289 1103 333 PELAGIANORUM‚
1142 292 1230 326 LIB.
1275 295 1334 327 lv.
1410 280 1470 343 57

102 359 174 405 ille
196 376 285 405 non
309 358 513 421 accipiat,
536 373 637 402 cum
663 357 792 402 ambo
817 374 905 402 non
931 367 1177 403 mereantur
1196 358 1419 422 accipere,
1435 370 1478 406 et

104 430 300 493 quisquis
323 446 470 475 eorum
500 428 717 490 acceperit
739 465 750 484 ‚
777 427 970 473 indebite
995 427 1181 490 accipiat
1202 464 1213 484 ‚
1242 428 1352 474 vires
1383 446 1478 474 suas

103 500 337 545 metiantur
357 537 367 555 ‚
396 509 438 544 et
472 497 653 543 fortiora
690 515 731 543 se
767 514 855 543 non
897 507 1156 543 scrutentur.
1201 497 1398 543 Sufficiat
1419 498 1478 543 eis

104 570 229 624 scire,
257 570 374 632 quod
401 585 488 613 non
518 568 571 612 sit
608 567 814 630 iniquitas
855 565 973 629 apud
1010 566 1150 612 Deum
1164 565 1198 614 4.
1226 570 1340 612 Cum
1364 566 1478 612 enim

103 638 223 683 nulla
246 639 398 683 merita
432 637 661 684 invenisset
698 636 955 700 Apostolus,
983 636 1145 699 quibus
1167 637 1304 682 Jacob
1338 636 1478 696 gemi-

103 725 209 754 num
237 708 355 771 apud
378 709 519 753 Deum
544 707 811 771 praecederet
831 706 1007 752 fratrem
1027 723 1038 751 :
1066 727 1086 747 <‹
1103 706 1220 762 Quid
1242 724 1342 766 ergo
1365 706 1480 751 dice-

105 798 125 820 »
142 795 254 835 mus,
283 778 455 842 inquit?
488 777 717 840 Numquid
741 788 803 822 est
824 777 943 840 apud
962 778 1103 822 Deum
1128 777 1365 840 iniquitas?
1387 776 1480 822 Ab-

105 869 125 890 »
145 849 212 894 sit.
252 849 391 911 Moysi
425 848 539 893 enim
565 848 702 903 dicit,
733 848 998 903 Misembor,
1034 846 1107 892 cui
1137 847 1336 892 misertus
1370 863 1442 891 ero
1467 865 1479 898 3

107 939 125 960 »
145 929 187 963 et
212 918 550 964 misericordiam
578 918 812 981 praestabo,
835 917 906 963 cui
926 917 1167 962 misericors
1183 916 1319 964 fuero.
1343 917 1483 976 Igitur

106 1010 126 1030 »
154 1006 241 1033 non
266 989 467 1044 volentis,
489 1006 628 1051 neque
646 989 876 1043 currentis,
897 988 969 1033 sed
991 988 1228 1032 miserentis
1251 998 1312 1032 est
1327 988 1483 1033 Dei2.»

106 1060 241 1104 Grata
260 1059 312 1103 sit
338 1075 437 1117 ergo
457 1059 583 1104 nobis
607 1062 696 1118 ejus
714 1058 900 1117 gratuita
921 1057 1136 1102 miseratio
1152 1094 1163 1113 ‚
1183 1057 1312 1102 etiam
1336 1057 1483 1102 sihaec

104 1128 324 1191 profunda
346 1128 533 1173 insoluta
557 1128 610 1172 sit
634 1128 830 1191 quaestio.
876 1127 987 1184 Quae
1012 1137 1155 1172 tamen
1185 1137 1357 1172 eatenus
1392 1127 1483 1171 sol-

106 1199 241 1253 vitur,
272 1208 486 1261 quatenus
522 1214 614 1242 eam
642 1197 770 1242 solvit
789 1197 904 1242 idem
931 1196 1179 1260 Apostolus,
1197 1196 1372 1241 dicens:
1400 1216 1420 1237 c<
1442 1195 1488 1240 Si

107 1288 128 1309 »
156 1278 295 1312 autem
331 1269 443 1313 Deus
466 1267 612 1313 volens
635 1267 858 1313 ostendere
887 1267 998 1312 iram
1022 1277 1063 1312 et
1086 1266 1382 1312 demonstrare
1400 1283 1483 1329 po-

107 1358 127 1378 »
148 1338 324 1382 tentiam
365 1354 515 1392 suam,
557 1337 702 1382 attulit
745 1338 790 1383 in
819 1337 958 1382 multa
997 1337 1210 1400 patientia
1236 1353 1335 1383 vasa
1372 1337 1449 1382 irae
1471 1373 1482 1392 ,

109 1428 128 1447 »
147 1424 248 1469 quae
269 1406 459 1470 perfecta
482 1418 582 1452 sunt
612 1408 657 1452 in
685 1408 994 1471 perditionem,
1023 1418 1066 1452 et
1092 1419 1141 1453 ut
1164 1417 1287 1452 notas
1321 1406 1483 1452 faceret

110 1499 130 1518 »
149 1477 321 1522 divitias
340 1477 486 1535 gloriae
511 1494 600 1522 suae
627 1477 670 1521 in
696 1494 795 1522 vasa
827 1476 1157 1531 misericordiae,
1183 1493 1283 1538 quae
1303 1493 1484 1538 praepa-

111 1547 260 1591 »ravit
282 1547 326 1591 in
351 1546 531 1605 gloriam
551 1546 583 1592 3.
606 1568 626 1587 »
651 1548 720 1591 Ira
744 1547 910 1609 quippe
927 1563 1015 1591 non
1043 1545 1242 1591 redditur
1260 1583 1271 1600 ‚
1300 1545 1383 1590 nisi
1405 1545 1482 1591 de-

108 1616 218 1671 bita,
245 1633 298 1660 ne
311 1615 362 1660 sit
377 1615 580 1677 iniquitas
598 1616 716 1677 apud
732 1617 874 1660 Deum
891 1633 902 1660 ι
923 1614 1218 1660 misericordia
1237 1631 1338 1661 vero
1357 1615 1485 1660 etiam

108 1702 207 1731 cum
231 1686 456 1747 praebetur
489 1685 685 1730 indebita
702 1722 713 1740 ‚
741 1702 828 1730 non
853 1695 915 1730 est
941 1684 1146 1748 iniquitas
1172 1684 1292 1747 apud
1317 1686 1470 1730 Deum.

112 1757 168 1800 Et
192 1756 297 1800 hinc
337 1755 587 1814 intelligunt
620 1772 721 1801 vasa
754 1754 1093 1811 misericordiae,
1130 1771 1260 1818 quam
1303 1755 1489 1814 gratuita

110 1826 193 1872 illis
217 1826 511 1871 misericordia
537 1826 805 1889 praebeatur,
835 1826 955 1889 quod
980 1825 1055 1871 irae
1078 1826 1189 1871 vasis
1209 1842 1310 1871 cum
1326 1826 1488 1888 quibus

112 1908 173 1942 est
191 1897 249 1941 eis
272 1896 530 1959 perditionis
562 1914 690 1942 causa
716 1908 758 1942 et
785 1914 922 1942 massa
948 1896 1193 1941 communis
1211 1933 1222 1951 ,
1255 1897 1318 1941 ira
1340 1895 1489 1941 debita

113 1978 155 2012 et
183 1970 298 2026 justa
331 1966 600 2028 rependitur.
637 1967 745 2012 Haec
780 1970 873 2026 jam
908 1966 1009 2013 satis
1036 1965 1123 2011 sint
1156 1965 1358 2011 adversus
1386 1981 1484 2021 θος,

113 2037 190 2099 qui
214 2053 292 2099 per
324 2036 491 2081 arbitrii
519 2036 765 2082 libertatem
797 2036 1016 2082 destruere
1039 2035 1194 2082 volunt
1228 2035 1378 2095 gratiae
1396 2035 1488 2080 lar—

115 2107 309 2165 gitatem.

180 2176 322 2221 RVH.
354 2175 485 2230 Quod
506 2192 606 2220 vero
622 2175 752 2220 laude
768 2186 1035 2230 sanctorum,
1055 2174 1211 2219 nolunt
1235 2190 1313 2219 nos
1335 2174 1492 2218 affectu

116 2246 233 2291 illius
257 2245 498 2290 Publicani
524 2245 684 2290 esurire
720 2256 762 2290 et
795 2246 910 2290 sitire
930 2245 1143 2305 justitiam
1165 2282 1176 2300 ‚
1207 2244 1280 2290 sed
1304 2243 1493 2290 vanitate

117 2315 232 2361 itlius
255 2315 466 2360 Pharisaei
506 2326 716 2378 tanquam
753 2326 963 2361 saturatos
990 2316 1227 2379 plenosque
1260 2313 1462 2360 ructaret*
1480 2351 1491 2368 ‚

117 2385 225 2448 quid
248 2386 307 2431 eis
334 2385 508 2449 prodest
522 2386 640 2449 quod
653 2385 857 2431 adversus
877 2386 1162 2440 Manichaeos‚
1181 2386 1256 2448 qui
1274 2384 1493 2448 baptisma

120 2455 348 2501 destruunt
366 2493 376 2512 ,
410 2456 480 2501 isti
497 2456 675 2512 dicunt,
712 2477 732 2498 «
753 2456 980 2520 Baptismo
999 2455 1190 2520 perfecte
1207 2455 1405 2502 homines
1423 2455 1496 2500 in-

169 2556 180 2577 ¹
209 2555 304 2587 Eccli.
338 2563 394 2595 ιιι,
427 2568 480 2588 22.
512 2574 551 2581 —-
581 2555 596 2578 2
618 2559 711 2589 Rom.
737 2567 791 2596 ix,
821 2563 874 2595 14.
899 2574 944 2583 —-
973 2554 989 2581 3
1014 2555 1099 2591 Ibid.
1127 2566 1192 2598 22,
1222 2556 1279 2590 23.
1308 2572 1353 2580 —
1383 2551 1493 2587 4Luc.

123 2621 216 2650 xvui,
239 2622 289 2642 ιο.
