1843 3190
323 295 497 327 CONTRA
529 295 756 328 JULIANUM
789 296 1094 339 PELAGIANUM,
1131 298 1219 329 Lm.
1260 300 1301 330 v.
1398 285 1491 332 365

113 361 312 418 ventiles,
339 379 540 425 spargas,
576 373 727 409 contra
760 363 882 427 quod
911 364 1183 428 concupiscit
1206 365 1381 428 spiritus
1402 367 1490 413 bo-

113 449 211 489 nus,
238 449 327 478 non
349 444 410 479 est
431 433 613 480 bonum.

177 504 316 551 LVII.
343 524 365 546 (ι
383 505 483 550 Non
519 505 682 568 potuit,
718 505 882 569 inquis,
922 507 1166 570 exemplum
1206 507 1310 553 dare
1335 519 1489 554 natura

113 573 345 622 dissimilis.
371 597 394 618 2>
419 576 567 622 Potuit
589 576 768 639 quidem
793 594 804 622 :
836 594 940 622 nam
965 578 1074 640 quid
1108 590 1169 624 est
1190 579 1309 642 quod
1332 597 1409 625 nos
1436 579 1491 625 ad

112 643 398 691 imitationem
418 645 559 691 Patris
580 646 800 703 hortatur,
827 647 903 710 qui
932 646 1037 692 facit
1056 648 1187 693 solem
1225 665 1350 694 suum
1388 650 1491 694 oriri

112 730 242 778 super
260 715 398 762 bonos
422 727 465 762 et
484 716 636 773 malos,
663 728 711 763 ut
726 721 817 776 ejus
834 717 1029 781 exemplo
1052 729 1222 764 nostros
1259 718 1488 778 diligamus

113 784 311 831 inimicos
328 784 378 832 1?
402 786 709 833 Verumtamen
733 799 888 833 natura
914 787 1105 834 hominis
1144 788 1308 834 Christi
1331 799 1490 834 nostrae

111 865 282 902 naturae
307 855 522 903 dissimilis
541 857 743 914 nonfuit,
769 858 843 904 sed
858 857 963 904 vitio
977 869 1122 904 nostro
1149 857 1365 904 dissimilis
1384 857 1482 905 fuit.

113 924 192 971 llle
220 926 388 990 quippe
419 928 509 974 sine
548 929 654 974 vitio
683 939 809 974 natus
832 939 894 974 est
921 929 1057 975 homo
1091 928 1214 992 quod
1257 928 1489 974 hominum

112 1012 254 1044 nemo.
287 998 516 1055 Quantum
537 1010 681 1045 autem
700 999 754 1045 ad
772 999 907 1046 vitam
931 999 1135 1063 pertinet,
1162 1015 1248 1061 qua
1264 998 1490 1045 Christum

113 1064 320 1113 debemus
338 1068 518 1126 imitari,
562 1069 650 1115 hoc
680 1086 854 1134 quoque
885 1068 940 1114 ad
974 1068 1222 1115 distantiam
1249 1068 1491 1131 plurimum

111 1135 250 1194 valet,
276 1137 397 1201 quod
422 1143 719 1203 unusquisque
741 1150 939 1185 nostrum
969 1138 1105 1184 homo
1137 1149 1213 1193 est,
1252 1137 1325 1183 ille
1345 1149 1489 1183 autem

112 1206 242 1253 etiam
266 1208 392 1256 Deus.
415 1210 567 1273 Neque
594 1210 709 1255 enim
733 1220 904 1255 tantum
938 1219 1082 1272 potest
1103 1212 1246 1268 justus
1260 1208 1393 1253 homo
1407 1225 1492 1253 esse

112 1278 189 1339 qui
206 1278 340 1325 homo
363 1289 442 1337 est,
468 1290 682 1344 quantum
703 1279 838 1325 homo
860 1280 939 1343 qui
964 1280 1134 1324 etDeus
1157 1289 1231 1325 est.
1254 1276 1378 1324 lllud'
1395 1295 1495 1324 sane

110 1364 319 1409 magnum
350 1367 588 1415 verumque
606 1351 773 1406 dixisti,
812 1367 914 1396 cum
950 1350 1164 1413 posuisses
1195 1349 1492 1395 testimonium

114 1420 297 1482 apostoli
319 1422 453 1478 Petri,
477 1422 685 1468 dicentis:
707 1443 727 1464 <‹
751 1422 840 1479 Qui
862 1432 1096 1484 peccatum
1115 1436 1202 1465 non
1221 1419 1323 1465 fecit
1345 1420 1362 1448 2
1379 1439 1390 1473 ;
1410 1437 1489 1465 no-

112 1489 297 1536 tandum
312 1508 398 1538 esse
409 1492 531 1556 quod
546 1492 810 1553 Judicaverit
825 1491 1059 1555 Apostolus
1069 1489 1267 1536 sufficere
1279 1489 1333 1535 ad
1352 1501 1490 1535 osten-

112 1559 306 1607 dendum
330 1562 376 1608 in
401 1563 579 1610 Christo
610 1563 784 1609 nullum
828 1562 954 1608 fuisse
978 1570 1210 1624 peccatum
1228 1597 1238 1615 ‚
1266 1560 1367 1622 quia
1384 1559 1492 1605 dixit

111 1630 284 1677 nullum
302 1649 400 1679 eum
414 1632 561 1680 fecisse
576 1644 809 1697 peccatum
831 1650 841 1678 ε
867 1654 887 1674 «
908 1633 967 1678 Ut
985 1630 1181 1686 doceret,
1205 1629 1367 1693 inquis,
1387 1629 1491 1692 quia

111 1701 190 1766 qui
217 1719 306 1748 non
327 1702 447 1761 fecit,
474 1703 638 1749 habere
659 1721 748 1749 non
770 1702 933 1766 potuit.
961 1723 982 1743 ›>
1001 1701 1195 1747 Omnino
1219 1700 1490 1745 verissimum

111 1783 187 1820 est.
207 1773 409 1820 Profecto
427 1776 542 1820 enim
562 1784 796 1839 peccatum
825 1774 957 1819 etiam
977 1776 1118 1832 major
1135 1770 1317 1826 fecisset,
1331 1770 1365 1815 si
1385 1788 1491 1833 par-

111 1860 191 1891 vus
204 1843 440 1892 habuisset.
465 1846 577 1891 Nam
595 1856 831 1909 propterea
846 1843 992 1889 nullus
1009 1854 1072 1888 est
1091 1841 1319 1886 hominum
1334 1851 1494 1903 praeter

110 1915 254 1978 ipsum
273 1918 590 1979 quipeccatum
612 1933 702 1961 non
714 1914 862 1961 fecerit
872 1912 1114 1974 grandioris
1139 1910 1275 1956 aetatis
1300 1927 1487 1965 accessu,

113 1986 216 2049 quia
230 1986 375 2032 nullus
393 1998 456 2032 est
469 1986 702 2032 hominum
719 1996 880 2052 praeter
896 1985 1041 2048 ipsum
1058 1981 1136 2046 qui
1154 1990 1384 2045 peccatum
1404 1997 1492 2025 non

112 2057 319 2103 habuerit
343 2056 553 2103 infantilis
570 2058 711 2104 aetatis
730 2068 896 2103 exortu.

175 2128 338 2175 LVIII.
369 2149 390 2169 «
411 2128 533 2174 Tolle
551 2165 562 2185 ,
588 2128 760 2191 inquis,
807 2126 991 2190 exempli
1016 2139 1189 2170 causam
1206 2158 1216 2178 ‚
1242 2121 1421 2167 tolletur
1452 2132 1493 2166 et

112 2199 260 2263 pretii,
281 2198 402 2264 quod
431 2216 513 2262 pro
537 2199 663 2244 nobis
688 2200 829 2245 factus
863 2208 938 2244 est.
966 2196 1066 2240 Non
1103 2204 1163 2239 est
1188 2193 1346 2237 mirum
1371 2191 1492 2254 quod

115 2269 256 2315 solum
275 2268 520 2332 exemplum
540 2270 667 2333 ponis
681 2270 726 2315 in
742 2269 940 2323 Christo,
961 2266 1038 2329 qui
1052 2262 1306 2328 praesidium
1328 2262 1495 2321 gratiae,

115 2355 203 2403 quo
224 2350 315 2385 erat
337 2339 509 2403 plenus,
553 2357 798 2403 oppugnas,
829 2360 849 2380 »
874 2342 978 2401 Spe,
998 2334 1162 2398 inquis,
1182 2332 1296 2377 malo
1321 2332 1496 2410 carendi

114 2409 171 2455 ad
185 2409 508 2473 fideipraesidia
520 2410 821 2466 convolamus,
857 2425 947 2454 non
981 2416 1125 2451 autem
1155 2418 1351 2448 caremus
1370 2419 1500 2448 mna-

114 2479 198 2525 tis:
219 2480 254 2525 si
281 2480 460 2544 quidem
488 2491 588 2543 post
609 2479 830 2544 baptisma
866 2477 1050 2524 virilitas
1090 2474 1187 2537 ipsa
1232 2472 1456 2536 perdurat.
1477 2493 1498 2514 >2

117 2549 233 2607 Quia
247 2550 463 2597 virilitatis
495 2551 673 2597 nomine
690 2546 1094 2613 concupiscentiam
1118 2543 1259 2590 carnis
1278 2541 1494 2605 appellas3

164 2632 176 2654 ¹
197 2631 315 2665 Matth.
334 2643 364 2674 v,
381 2633 437 2679 45,
458 2649 502 2656 —
519 2630 535 2656 ²
557 2644 571 2664 1
595 2635 683 2665 Petr.
703 2646 742 2674 11,
759 2645 818 2667 22.
