1843 3190
302 363 477 395 CONTRA
510 361 736 394 JULIANUM
772 362 1078 406 PELAMANUM,
1116 366 1204 398 Lm.
1246 368 1306 400 1v.
1388 356 1482 411 435

111 427 362 475 dialecticas
392 428 589 474 tenebras
622 427 836 491 imperitis
868 429 1036 475 conaris
1061 431 1282 477 offundere
1305 433 1451 481 dicens
1473 473 1486 494 ,

111 520 131 541 «
157 500 218 544 Τ6
234 502 422 559 cogitare
450 516 536 544 non
566 515 691 562 posse
711 535 722 554 ‚
755 499 802 544 in
827 515 917 562 qua
942 499 1092 546 dialexi
1118 502 1353 549 invenerim
1381 522 1491 551 con-

110 571 342 616 trariorum
363 571 559 616 omnium
587 569 996 632 reciprocationem.
1016 592 1037 612 »
1062 572 1205 628 Quam
1234 575 1490 622 sententiam

104 652 232 687 tuam
256 641 291 686 si
314 657 524 704 exponere
546 640 743 693 voluero,
776 651 818 686 et
842 640 897 686 ad
922 657 1070 686 eorum
1092 643 1330 706 perducere
1351 646 1484 692 intel-

105 711 348 770 ligentiam,
375 712 452 773 qui
471 727 697 773 nunquam
719 711 798 755 ista
826 710 1091 768 didicerunt,
1117 729 1228 776 opus
1248 715 1328 760 erit
1353 716 1483 778 pleno

105 779 282 828 fortasse
301 781 534 827 volumine.
564 779 649 825 Sed
670 797 790 826 nunc
819 781 919 826 satis
945 792 1024 838 est,
1047 784 1167 845 quod
1194 784 1286 847 ipse
1309 785 1450 830 dixisti
1473 823 1485 843 ‚

108 872 128 893 «
148 852 206 897 In
235 851 354 897 nulla
377 850 528 896 dialexi
563 867 687 913 posse
710 852 895 898 inveniri
926 853 1246 899 contrariorum
1291 855 1488 901 oninium

107 921 515 984 reciprocationem.
539 942 559 963 »
579 920 695 965 Hinc
731 921 845 966 enim
883 922 1106 967 ostendisti
1125 922 1369 987 aliquorum
1405 942 1491 971 esse

107 1008 253 1055 posse,
279 1009 367 1037 non
386 991 597 1037 omnium.
629 991 681 1035 In
701 990 769 1036 his
792 1009 891 1052 ergo
911 991 1130 1055 aliquibus
1151 1003 1193 1038 et
1222 994 1308 1039 hoc
1327 996 1482 1058 reperi.

109 1062 283 1107 Sienim
305 1062 498 1117 dixisses,
526 1062 855 1108 contrariorum
871 1063 1260 1126 reciprocationem
1282 1082 1367 1109 esse
1386 1065 1491 1111 nul-

105 1132 268 1189 lorum,
285 1143 439 1196 .et2pcr
462 1132 552 1178 hoc
577 1132 820 1178 ostenderes
837 1150 884 1178 ea
909 1150 1007 1196 quae
1031 1135 1158 1196 posui
1187 1135 1404 1180 contraria
1427 1152 1492 1181 re-

106 1203 284 1266 ciproca
309 1221 395 1249 esse
410 1221 500 1250 non
523 1220 667 1266 posse,
699 1204 801 1266 quia
822 1204 943 1249 nulla
967 1221 1053 1249 esse
1069 1215 1256 1267 possunt
1277 1225 1288 1259 3
1315 1222 1392 1265 ego
1416 1206 1493 1251 ali-

104 1291 296 1337 quaesse
314 1291 437 1337 posse
452 1272 672 1319 ostendere
686 1272 837 1329 debui,
869 1290 918 1319 ac
943 1273 1098 1319 deinde
1118 1274 1161 1319 in
1182 1274 1249 1320 his
1271 1291 1356 1319 esse
1370 1275 1492 1337 quod

105 1345 245 1408 posui.
273 1344 357 1390 Sed
379 1361 469 1390 esse
495 1344 642 1406 aliqua
657 1346 748 1402 jam
773 1344 867 1407 ipse
904 1345 1132 1401 concedis,
1161 1345 1237 1408 qui
1267 1363 1354 1391 non
1382 1346 1490 1392 dicis

104 1415 327 1460 nullorum
351 1414 669 1460 contrariorum
712 1431 798 1459 esse
838 1415 1223 1478 reciprocationem
1244 1453 1255 1472 ,
1286 1415 1361 1461 sed
1400 1434 1488 1462 non

106 1486 316 1539 omnium.
354 1489 429 1529 Est
450 1485 586 1545 igitur
609 1484 874 1546 aliquorum.
907 1485 991 1531 Sed
1016 1497 1161 1531 utrum
1196 1486 1241 1530 in
1270 1486 1337 1531 his
1358 1486 1486 1533 etiam

106 1555 192 1600 hoc
215 1556 269 1600 sit
286 1555 405 1618 quod
435 1573 458 1600 a
483 1572 550 1600 me
567 1554 759 1617 positum
784 1565 862 1611 est,
890 1566 1018 1601 restat
1042 1555 1262 1601 ostendere
1283 1573 1293 1600 :
1320 1556 1365 1601 id
1388 1567 1480 1615 est,

108 1635 280 1679 utrum,-
302 1626 414 1671 sicut
439 1641 590 1671 verum
606 1635 685 1680 est,
714 1635 834 1670 reatu
852 1643 1023 1671 manere
1041 1636 1237 1688 peccata,
1261 1642 1361 1689 quae
1373 1643 1484 1690 prae-

105 1695 312 1741 terierunt
341 1706 468 1749 actu;
505 1696 565 1740 ita
587 1695 640 1740 sit
659 1711 809 1740 Verum
829 1732 840 1751 ‚
862 1695 982 1758 quod
1005 1695 1360 1759 concupiscentia
1383 1714 1481 1743 ma-

103 1776 202 1811 neat
231 1776 355 1821 actu,
379 1777 420 1812 et
443 1776 673 1830 praetereat
694 1777 829 1812 reatu.
859 1766 991 1823 Quod
1026 1777 1073 1812 tu
1102 1767 1195 1812 fieri
1236 1784 1326 1813 non
1356 1784 1479 1831 posse

103 1835 251 1882 volens
274 1837 512 1890 ostendere,
540 1837 627 1882 hoc
666 1836 808 1881 dixisti
832 1873 842 1893 ,
866 1837 986 1900 quod
1008 1854 1086 1896 ego
1118 1854 1206 1882 non
1240 1837 1341 1884 dixi.
1383 1839 1475 1897 Ego

103 1906 218 1951 enim
235 1906 288 1951 de
316 1907 668 1969 concupiscentia
687 1907 790 1962 dixi,
810 1923 910 1969 quae
933 1918 993 1952 est
1018 1908 1063 1952 in
1092 1908 1296 1952 membris
1314 1925 1477 1971 repug-

103 1993 209 2022 nans
231 1976 313 2036 legi
331 1979 500 2030 mentis,
527 1977 724 2040 quamvis
746 1987 886 2021 reatus
909 1980 1000 2036 ejus
1029 1977 1074 2021 in
1099 1977 1294 2022 omnium
1314 1994 1475 2039 pecca-

104 2057 247 2092 torum
273 2047 516 2093 remissione
538 2046 776 2092 transierit1
799 2064 810 2091 ι
843 2048 955 2092 sicut
978 2065 1000 2092 e
1025 2047 1240 2094 contrario
1259 2084 1270 2102 ‚
1305 2048 1473 2093 sacrifi-

103 2117 221 2162 cium
241 2117 369 2162 idolis
390 2117 574 2172 factum,
597 2118 631 2162 si
648 2117 850 2179 deinceps
874 2135 961 2162 non
979 2119 1055 2163 fiat
1072 2155 1083 2174 ‚
1106 2118 1315 2181 praeteriit
1342 2129 1442 2164 actu
1456 2156 1468 2176 ‚

103 2187 176 2232 sed
192 2197 339 2232 manet
362 2198 498 2242 reatu,
522 2188 601 2232 nisi
615 2205 695 2250 per
716 2187 1026 2246 indulgentiam
1053 2189 1310 2234 remittatur.
1333 2188 1473 2245 Quid-

103 2256 202 2302 dam
222 2257 337 2302 enim
357 2257 440 2302 tale
462 2268 523 2302 est
545 2257 785 2302 sacrificare
802 2257 929 2302 idolis
945 2295 955 2313 ‚
985 2269 1031 2303 ut
1065 2275 1173 2321 opus
1198 2259 1339 2321 ipsum
1369 2275 1473 2304 cuin

102 2327 154 2372 fit
186 2337 443 2390 praetereat,
470 2327 707 2390 eodemque
745 2328 967 2390 praeterito
1001 2339 1144 2374 reatus
1177 2332 1266 2388 ejus
1301 2339 1473 2374 maneat

102 2397 229 2443 venia
255 2397 553 2445 resolvendum
575 2397 799 2454 Quiddam
825 2415 925 2445 vero
945 2398 1027 2444 tale
1047 2409 1109 2444 est
1139 2399 1278 2444 carnis
1308 2416 1475 2445 concu-

102 2466 329 2530 piscentia,
354 2479 403 2513 ut
422 2478 595 2513 maneat
617 2468 661 2512 in
681 2467 876 2524 homine,
899 2486 1042 2515 secum
1063 2486 1142 2532 per
1161 2469 1470 2514 continentiam

104 2536 388 2596 confligente,
415 2536 738 2600 quamvis-ejus
776 2549 917 2584 reatus
940 2540 1015 2602 qui
1045 2539 1185 2584 fuerat
1204 2539 1471 2598 generatione

103 2616 351 2652 contractus
365 2643 378 2663 ,
396 2610 489 2666 jam
514 2607 569 2654 sit
591 2608 910 2668 regeneratione
931 2619 1183 2657 transactus,
1211 2610 1324 2655 Actu
1355 2608 1469 2656 enim

154 2689 166 2712 ¹
183 2690 276 2722 Rom.
294 2699 355 2730 vir,
372 2690 431 2723 23.

1276 2708 1350 2790 2¹80
