<?xml version="1.0" encoding="UTF-8"?>
<!DOCTYPE html PUBLIC "-//W3C//DTD XHTML 1.0 Transitional//EN"
    "http://www.w3.org/TR/xhtml1/DTD/xhtml1-transitional.dtd">
<html xmlns="http://www.w3.org/1999/xhtml" xml:lang="en" lang="en">
 <head>
  <title>
</title>
<meta http-equiv="Content-Type" content="text/html;charset=utf-8" />
  <meta name='ocr-system' content='tesseract 3.04.00' />
  <meta name='ocr-capabilities' content='ocr_page ocr_carea ocr_par ocr_line ocrx_word'/>
</head>
<body>
  <div class='ocr_page' id='page_1' title='image "./operaomniaaccura35auguuoft/operaomniaaccura35auguuoft_0244.png"; bbox 0 0 1843 3190; ppageno 0'>
   <div class='ocr_carea' id='block_1_1' title="bbox 305 193 1272 249">
    <p class='ocr_par' dir='ltr' id='par_1_1' title="bbox 305 193 1272 249">
     <span class='ocr_line' id='line_1_1' title="bbox 305 193 1272 249; baseline -0.002 -10"><span class='ocrx_word' id='word_1_1' title='bbox 305 193 397 249; x_wconf 67' lang='lat'>234</span> <span class='ocrx_word' id='word_1_2' title='bbox 713 208 747 238; x_wconf 90' lang='lat' dir='ltr'>s.</span> <span class='ocrx_word' id='word_1_3' title='bbox 791 204 1034 236; x_wconf 73' lang='lat' dir='ltr'>AUGUSTINI</span> <span class='ocrx_word' id='word_1_4' title='bbox 1070 205 1272 237; x_wconf 82' lang='lat' dir='ltr'>EPISCOPI</span> 
     </span>
    </p>
   </div>
   <div class='ocr_carea' id='block_1_2' title="bbox 303 270 1694 2446">
    <p class='ocr_par' dir='ltr' id='par_1_2' title="bbox 303 270 1694 2446">
     <span class='ocr_line' id='line_1_2' title="bbox 303 270 1676 335; baseline 0.001 -17"><span class='ocrx_word' id='word_1_5' title='bbox 303 290 391 318; x_wconf 88' lang='lat' dir='ltr'>non</span> <span class='ocrx_word' id='word_1_6' title='bbox 425 272 587 319; x_wconf 84' lang='lat' dir='ltr'>habere</span> <span class='ocrx_word' id='word_1_7' title='bbox 628 288 716 317; x_wconf 91' lang='lat' dir='ltr'>non</span> <span class='ocrx_word' id='word_1_8' title='bbox 743 281 944 335; x_wconf 81' lang='lat' dir='ltr'>poterant</span> <span class='ocrx_word' id='word_1_9' title='bbox 972 288 983 315; x_wconf 89' lang='lat'>:</span> <span class='ocrx_word' id='word_1_10' title='bbox 1010 270 1106 327; x_wconf 85' lang='lat' dir='ltr'>sed,</span> <span class='ocrx_word' id='word_1_11' title='bbox 1136 293 1155 313; x_wconf 83' lang='lat'>«</span> <span class='ocrx_word' id='word_1_12' title='bbox 1180 273 1244 318; x_wconf 93' lang='lat' dir='ltr'>Ne</span> <span class='ocrx_word' id='word_1_13' title='bbox 1276 271 1561 335; x_wconf 85' lang='lat' dir='ltr'>perfeceritis;</span> <span class='ocrx_word' id='word_1_14' title='bbox 1585 295 1605 315; x_wconf 86' lang='lat'>»</span> <span class='ocrx_word' id='word_1_15' title='bbox 1630 272 1676 319; x_wconf 87' lang='lat' dir='ltr'>id</span> 
     </span>
     <span class='ocr_line' id='line_1_3' title="bbox 305 342 1672 407; baseline 0.001 -19"><span class='ocrx_word' id='word_1_16' title='bbox 305 353 391 398; x_wconf 78' lang='lat' dir='ltr'>est,</span> <span class='ocrx_word' id='word_1_17' title='bbox 432 360 486 388; x_wconf 89' lang='lat' dir='ltr'>ne</span> <span class='ocrx_word' id='word_1_18' title='bbox 522 360 654 406; x_wconf 87' lang='lat' dir='ltr'>opera</span> <span class='ocrx_word' id='word_1_19' title='bbox 695 359 870 397; x_wconf 80' lang='lat' dir='ltr'>earum,</span> <span class='ocrx_word' id='word_1_20' title='bbox 915 357 1122 387; x_wconf 87' lang='lat' dir='ltr'>consensu</span> <span class='ocrx_word' id='word_1_21' title='bbox 1160 342 1396 390; x_wconf 75' lang='lat' dir='ltr'>voluntatis</span> <span class='ocrx_word' id='word_1_22' title='bbox 1428 343 1672 407; x_wconf 84' lang='lat' dir='ltr'>impleatis:</span> 
     </span>
     <span class='ocr_line' id='line_1_4' title="bbox 306 411 1678 479; baseline 0.004 -25"><span class='ocrx_word' id='word_1_23' title='bbox 306 434 327 454; x_wconf 86' lang='lat'>«</span> <span class='ocrx_word' id='word_1_24' title='bbox 357 414 470 458; x_wconf 89' lang='lat' dir='ltr'>Caro</span> <span class='ocrx_word' id='word_1_25' title='bbox 496 413 610 459; x_wconf 90' lang='lat' dir='ltr'>enim</span> <span class='ocrx_word' id='word_1_26' title='bbox 625 450 637 469; x_wconf 80' lang='lat'>,</span> <span class='ocrx_word' id='word_1_27' title='bbox 672 411 840 475; x_wconf 85' lang='lat' dir='ltr'>inquit,</span> <span class='ocrx_word' id='word_1_28' title='bbox 863 412 1136 478; x_wconf 81' lang='lat' dir='ltr'>concupiscit</span> <span class='ocrx_word' id='word_1_29' title='bbox 1159 413 1364 460; x_wconf 83' lang='lat' dir='ltr'>adversus</span> <span class='ocrx_word' id='word_1_30' title='bbox 1384 413 1610 479; x_wconf 86' lang='lat' dir='ltr'>spiritum,</span> <span class='ocrx_word' id='word_1_31' title='bbox 1637 424 1678 459; x_wconf 91' lang='lat' dir='ltr'>et</span> 
     </span>
     <span class='ocr_line' id='line_1_5' title="bbox 304 481 1678 546; baseline 0.004 -22"><span class='ocrx_word' id='word_1_32' title='bbox 304 503 326 525; x_wconf 86' lang='lat'>»</span> <span class='ocrx_word' id='word_1_33' title='bbox 351 483 527 546; x_wconf 86' lang='lat' dir='ltr'>spiritus</span> <span class='ocrx_word' id='word_1_34' title='bbox 547 481 749 527; x_wconf 68' lang='lat' dir='ltr'>adversus</span> <span class='ocrx_word' id='word_1_35' title='bbox 768 498 957 527; x_wconf 86' lang='lat' dir='ltr'>carnem.</span> <span class='ocrx_word' id='word_1_36' title='bbox 980 481 1087 528; x_wconf 87' lang='lat' dir='ltr'>Haec</span> <span class='ocrx_word' id='word_1_37' title='bbox 1106 483 1218 528; x_wconf 87' lang='lat' dir='ltr'>enim</span> <span class='ocrx_word' id='word_1_38' title='bbox 1241 483 1425 531; x_wconf 86' lang='lat' dir='ltr'>invicem</span> <span class='ocrx_word' id='word_1_39' title='bbox 1446 483 1678 529; x_wconf 82' lang='lat' dir='ltr'>adversan-</span> 
     </span>
     <span class='ocr_line' id='line_1_6' title="bbox 307 550 1679 617; baseline 0.003 -23"><span class='ocrx_word' id='word_1_40' title='bbox 307 573 328 594; x_wconf 80' lang='lat'>»</span> <span class='ocrx_word' id='word_1_41' title='bbox 355 563 442 607; x_wconf 87' lang='lat' dir='ltr'>tur,</span> <span class='ocrx_word' id='word_1_42' title='bbox 470 563 519 598; x_wconf 86' lang='lat' dir='ltr'>ut</span> <span class='ocrx_word' id='word_1_43' title='bbox 542 569 629 598; x_wconf 90' lang='lat' dir='ltr'>non</span> <span class='ocrx_word' id='word_1_44' title='bbox 653 569 701 598; x_wconf 88' lang='lat' dir='ltr'>ea</span> <span class='ocrx_word' id='word_1_45' title='bbox 718 568 818 617; x_wconf 88' lang='lat' dir='ltr'>quae</span> <span class='ocrx_word' id='word_1_46' title='bbox 853 551 983 602; x_wconf 81' lang='lat' dir='ltr'>vultis</span> <span class='ocrx_word' id='word_1_47' title='bbox 1011 550 1224 600; x_wconf 79' lang='lat' dir='ltr'>faciatis1.</span> <span class='ocrx_word' id='word_1_48' title='bbox 1251 575 1272 595; x_wconf 74' lang='lat'>&gt;2</span> <span class='ocrx_word' id='word_1_49' title='bbox 1290 553 1397 599; x_wconf 82' lang='lat' dir='ltr'>Vide</span> <span class='ocrx_word' id='word_1_50' title='bbox 1427 554 1461 599; x_wconf 86' lang='lat' dir='ltr'>si</span> <span class='ocrx_word' id='word_1_51' title='bbox 1481 570 1568 599; x_wconf 92' lang='lat' dir='ltr'>non</span> <span class='ocrx_word' id='word_1_52' title='bbox 1592 553 1679 599; x_wconf 89' lang='lat' dir='ltr'>hoc</span> 
     </span>
     <span class='ocr_line' id='line_1_7' title="bbox 306 622 1676 686; baseline 0.001 -19"><span class='ocrx_word' id='word_1_53' title='bbox 306 633 368 667; x_wconf 87' lang='lat' dir='ltr'>est</span> <span class='ocrx_word' id='word_1_54' title='bbox 408 622 461 667; x_wconf 86' lang='lat' dir='ltr'>ad</span> <span class='ocrx_word' id='word_1_55' title='bbox 494 624 743 668; x_wconf 83' lang='lat' dir='ltr'>Romanos:</span> <span class='ocrx_word' id='word_1_56' title='bbox 767 643 786 664; x_wconf 91' lang='lat'>«</span> <span class='ocrx_word' id='word_1_57' title='bbox 808 623 909 668; x_wconf 91' lang='lat' dir='ltr'>Non</span> <span class='ocrx_word' id='word_1_58' title='bbox 941 622 1056 668; x_wconf 86' lang='lat' dir='ltr'>enim</span> <span class='ocrx_word' id='word_1_59' title='bbox 1079 622 1199 686; x_wconf 88' lang='lat' dir='ltr'>quod</span> <span class='ocrx_word' id='word_1_60' title='bbox 1221 623 1320 670; x_wconf 79' lang='lat' dir='ltr'>volo</span> <span class='ocrx_word' id='word_1_61' title='bbox 1343 624 1455 671; x_wconf 82' lang='lat' dir='ltr'>facio</span> <span class='ocrx_word' id='word_1_62' title='bbox 1481 624 1647 669; x_wconf 82' lang='lat' dir='ltr'>bonum</span> <span class='ocrx_word' id='word_1_63' title='bbox 1665 661 1676 679; x_wconf 84' lang='lat'><strong><em>‚</em></strong></span> 
     </span>
     <span class='ocr_line' id='line_1_8' title="bbox 307 692 1682 756; baseline 0.004 -22"><span class='ocrx_word' id='word_1_64' title='bbox 307 714 328 734; x_wconf 81' lang='lat'>»</span> <span class='ocrx_word' id='word_1_65' title='bbox 348 692 420 738; x_wconf 85' lang='lat' dir='ltr'>sed</span> <span class='ocrx_word' id='word_1_66' title='bbox 452 693 571 756; x_wconf 88' lang='lat' dir='ltr'>quod</span> <span class='ocrx_word' id='word_1_67' title='bbox 601 693 704 739; x_wconf 82' lang='lat' dir='ltr'>nolo</span> <span class='ocrx_word' id='word_1_68' title='bbox 726 692 891 738; x_wconf 86' lang='lat' dir='ltr'>malum</span> <span class='ocrx_word' id='word_1_69' title='bbox 914 692 1001 738; x_wconf 85' lang='lat' dir='ltr'>hoc</span> <span class='ocrx_word' id='word_1_70' title='bbox 1031 694 1152 753; x_wconf 72' lang='lat' dir='ltr'>ago2.</span> <span class='ocrx_word' id='word_1_71' title='bbox 1179 716 1199 736; x_wconf 86' lang='lat'>»</span> <span class='ocrx_word' id='word_1_72' title='bbox 1229 695 1392 740; x_wconf 85' lang='lat' dir='ltr'>Deinde</span> <span class='ocrx_word' id='word_1_73' title='bbox 1426 695 1480 740; x_wconf 89' lang='lat' dir='ltr'>od</span> <span class='ocrx_word' id='word_1_74' title='bbox 1506 694 1682 740; x_wconf 81' lang='lat' dir='ltr'>Galatas</span> 
     </span>
     <span class='ocr_line' id='line_1_9' title="bbox 307 762 1682 826; baseline 0.001 -18"><span class='ocrx_word' id='word_1_75' title='bbox 307 762 430 808; x_wconf 85' lang='lat' dir='ltr'>addit</span> <span class='ocrx_word' id='word_1_76' title='bbox 447 774 489 809; x_wconf 84' lang='lat' dir='ltr'>et</span> <span class='ocrx_word' id='word_1_77' title='bbox 507 763 615 809; x_wconf 90' lang='lat' dir='ltr'>dicit</span> <span class='ocrx_word' id='word_1_78' title='bbox 638 781 649 808; x_wconf 90' lang='lat'>:</span> <span class='ocrx_word' id='word_1_79' title='bbox 678 784 698 804; x_wconf 87' lang='lat'>«</span> <span class='ocrx_word' id='word_1_80' title='bbox 719 763 853 820; x_wconf 77' lang='lat' dir='ltr'>Quod</span> <span class='ocrx_word' id='word_1_81' title='bbox 885 763 920 808; x_wconf 85' lang='lat' dir='ltr'>si</span> <span class='ocrx_word' id='word_1_82' title='bbox 949 762 1118 826; x_wconf 83' lang='lat' dir='ltr'>Spiritu</span> <span class='ocrx_word' id='word_1_83' title='bbox 1142 763 1380 819; x_wconf 83' lang='lat' dir='ltr'>ducimini,</span> <span class='ocrx_word' id='word_1_84' title='bbox 1416 782 1506 810; x_wconf 92' lang='lat' dir='ltr'>non</span> <span class='ocrx_word' id='word_1_85' title='bbox 1535 764 1682 810; x_wconf 86' lang='lat' dir='ltr'>adhuc</span> 
     </span>
     <span class='ocr_line' id='line_1_10' title="bbox 308 832 1678 892; baseline 0.004 -18"><span class='ocrx_word' id='word_1_86' title='bbox 308 853 329 873; x_wconf 85' lang='lat'>»</span> <span class='ocrx_word' id='word_1_87' title='bbox 352 833 448 878; x_wconf 89' lang='lat' dir='ltr'>estis</span> <span class='ocrx_word' id='word_1_88' title='bbox 471 833 553 878; x_wconf 89' lang='lat' dir='ltr'>sub</span> <span class='ocrx_word' id='word_1_89' title='bbox 580 832 714 892; x_wconf 63' lang='lat' dir='ltr'>legess.</span> <span class='ocrx_word' id='word_1_90' title='bbox 754 854 775 874; x_wconf 83' lang='lat'>»</span> <span class='ocrx_word' id='word_1_91' title='bbox 805 832 914 883; x_wconf 67' lang='lat' dir='ltr'>Vide</span> <span class='ocrx_word' id='word_1_92' title='bbox 940 832 973 877; x_wconf 87' lang='lat' dir='ltr'>si</span> <span class='ocrx_word' id='word_1_93' title='bbox 1002 849 1088 877; x_wconf 92' lang='lat' dir='ltr'>non</span> <span class='ocrx_word' id='word_1_94' title='bbox 1117 832 1205 878; x_wconf 86' lang='lat' dir='ltr'>hoc</span> <span class='ocrx_word' id='word_1_95' title='bbox 1239 833 1301 879; x_wconf 88' lang='lat' dir='ltr'>est</span> <span class='ocrx_word' id='word_1_96' title='bbox 1335 833 1391 878; x_wconf 81' lang='lat' dir='ltr'>ad</span> <span class='ocrx_word' id='word_1_97' title='bbox 1425 835 1678 879; x_wconf 84' lang='lat' dir='ltr'>Romanos:</span> 
     </span>
     <span class='ocr_line' id='line_1_11' title="bbox 309 900 1685 966; baseline 0.004 -24"><span class='ocrx_word' id='word_1_98' title='bbox 309 923 329 943; x_wconf 84' lang='lat'>‹&lt;</span> <span class='ocrx_word' id='word_1_99' title='bbox 354 902 453 947; x_wconf 84' lang='lat' dir='ltr'>Jam</span> <span class='ocrx_word' id='word_1_100' title='bbox 489 920 576 948; x_wconf 90' lang='lat' dir='ltr'>non</span> <span class='ocrx_word' id='word_1_101' title='bbox 612 919 689 963; x_wconf 83' lang='lat' dir='ltr'>ego</span> <span class='ocrx_word' id='word_1_102' title='bbox 726 918 883 966; x_wconf 91' lang='lat' dir='ltr'>operor</span> <span class='ocrx_word' id='word_1_103' title='bbox 903 900 1014 947; x_wconf 85' lang='lat' dir='ltr'>illud</span> <span class='ocrx_word' id='word_1_104' title='bbox 1045 919 1055 946; x_wconf 74' lang='grc' dir='ltr'>ε</span> <span class='ocrx_word' id='word_1_105' title='bbox 1087 922 1107 944; x_wconf 85' lang='grc'>»</span> <span class='ocrx_word' id='word_1_106' title='bbox 1132 913 1173 948; x_wconf 87' lang='lat' dir='ltr'>et</span> <span class='ocrx_word' id='word_1_107' title='bbox 1191 940 1202 959; x_wconf 83' lang='lat'>‚</span> <span class='ocrx_word' id='word_1_108' title='bbox 1241 924 1261 944; x_wconf 90' lang='lat'>«</span> <span class='ocrx_word' id='word_1_109' title='bbox 1290 903 1580 950; x_wconf 89' lang='lat' dir='ltr'>Condelector</span> <span class='ocrx_word' id='word_1_110' title='bbox 1601 903 1685 964; x_wconf 84' lang='lat' dir='ltr'>legi</span> 
     </span>
     <span class='ocr_line' id='line_1_12' title="bbox 310 972 1685 1035; baseline 0.001 -17"><span class='ocrx_word' id='word_1_111' title='bbox 310 994 331 1014; x_wconf 84' lang='lat'>&gt;›</span> <span class='ocrx_word' id='word_1_112' title='bbox 357 973 437 1018; x_wconf 91' lang='lat' dir='ltr'>Dei</span> <span class='ocrx_word' id='word_1_113' title='bbox 455 973 696 1019; x_wconf 87' lang='lat' dir='ltr'>secundum</span> <span class='ocrx_word' id='word_1_114' title='bbox 719 972 968 1018; x_wconf 87' lang='lat' dir='ltr'>interiorem</span> <span class='ocrx_word' id='word_1_115' title='bbox 989 972 1213 1020; x_wconf 85' lang='lat' dir='ltr'>hominem</span> <span class='ocrx_word' id='word_1_116' title='bbox 1241 992 1252 1019; x_wconf 73' lang='grc' dir='ltr'><strong><em>ε</em></strong></span> <span class='ocrx_word' id='word_1_117' title='bbox 1281 995 1301 1016; x_wconf 70' lang='lat' dir='ltr'>n</span> <span class='ocrx_word' id='word_1_118' title='bbox 1324 984 1389 1031; x_wconf 79' lang='lat' dir='ltr'>et,</span> <span class='ocrx_word' id='word_1_119' title='bbox 1419 996 1439 1016; x_wconf 77' lang='grc' dir='ltr'>α</span> <span class='ocrx_word' id='word_1_120' title='bbox 1465 975 1564 1021; x_wconf 92' lang='lat' dir='ltr'>Non</span> <span class='ocrx_word' id='word_1_121' title='bbox 1587 991 1685 1035; x_wconf 86' lang='lat' dir='ltr'>reg-</span> 
     </span>
     <span class='ocr_line' id='line_1_13' title="bbox 309 1043 1684 1108; baseline 0.004 -24"><span class='ocrx_word' id='word_1_122' title='bbox 309 1064 330 1084; x_wconf 84' lang='lat'>»</span> <span class='ocrx_word' id='word_1_123' title='bbox 356 1054 428 1088; x_wconf 86' lang='lat' dir='ltr'>net</span> <span class='ocrx_word' id='word_1_124' title='bbox 450 1054 679 1106; x_wconf 88' lang='lat' dir='ltr'>peccatum</span> <span class='ocrx_word' id='word_1_125' title='bbox 693 1043 738 1089; x_wconf 91' lang='lat' dir='ltr'>in</span> <span class='ocrx_word' id='word_1_126' title='bbox 751 1053 892 1089; x_wconf 84' lang='lat' dir='ltr'>vestro</span> <span class='ocrx_word' id='word_1_127' title='bbox 910 1043 1082 1089; x_wconf 85' lang='lat' dir='ltr'>mortali</span> <span class='ocrx_word' id='word_1_128' title='bbox 1095 1060 1295 1108; x_wconf 87' lang='lat' dir='ltr'>corpore,</span> <span class='ocrx_word' id='word_1_129' title='bbox 1318 1044 1373 1090; x_wconf 80' lang='lat' dir='ltr'>ad</span> <span class='ocrx_word' id='word_1_130' title='bbox 1391 1044 1684 1092; x_wconf 85' lang='lat' dir='ltr'>obediendum</span> 
     </span>
     <span class='ocr_line' id='line_1_14' title="bbox 311 1113 1685 1180; baseline 0.002 -22"><span class='ocrx_word' id='word_1_131' title='bbox 311 1134 331 1153; x_wconf 89' lang='lat'>»</span> <span class='ocrx_word' id='word_1_132' title='bbox 355 1113 576 1159; x_wconf 78' lang='lat' dir='ltr'>desideriis</span> <span class='ocrx_word' id='word_1_133' title='bbox 594 1113 728 1174; x_wconf 65' lang='lat' dir='ltr'>ejus4.</span> <span class='ocrx_word' id='word_1_134' title='bbox 752 1135 772 1155; x_wconf 73' lang='lat'>&gt;2</span> <span class='ocrx_word' id='word_1_135' title='bbox 795 1113 839 1159; x_wconf 89' lang='lat' dir='ltr'>Si</span> <span class='ocrx_word' id='word_1_136' title='bbox 864 1113 979 1158; x_wconf 88' lang='lat' dir='ltr'>enim</span> <span class='ocrx_word' id='word_1_137' title='bbox 1004 1130 1091 1158; x_wconf 92' lang='lat' dir='ltr'>non</span> <span class='ocrx_word' id='word_1_138' title='bbox 1115 1114 1346 1161; x_wconf 85' lang='lat' dir='ltr'>obediatur</span> <span class='ocrx_word' id='word_1_139' title='bbox 1369 1115 1685 1180; x_wconf 84' lang='lat' dir='ltr'>concupiscen-</span> 
     </span>
     <span class='ocr_line' id='line_1_15' title="bbox 307 1184 1687 1252; baseline 0.001 -24"><span class='ocrx_word' id='word_1_140' title='bbox 307 1184 377 1229; x_wconf 84' lang='lat' dir='ltr'>tiis</span> <span class='ocrx_word' id='word_1_141' title='bbox 395 1221 406 1240; x_wconf 86' lang='grc'>,</span> <span class='ocrx_word' id='word_1_142' title='bbox 431 1201 538 1247; x_wconf 83' lang='lat' dir='ltr'>quas</span> <span class='ocrx_word' id='word_1_143' title='bbox 569 1201 735 1230; x_wconf 89' lang='lat' dir='ltr'>necesse</span> <span class='ocrx_word' id='word_1_144' title='bbox 761 1195 824 1229; x_wconf 88' lang='lat' dir='ltr'>est</span> <span class='ocrx_word' id='word_1_145' title='bbox 846 1201 932 1229; x_wconf 87' lang='lat' dir='ltr'>esse</span> <span class='ocrx_word' id='word_1_146' title='bbox 949 1184 994 1229; x_wconf 90' lang='lat' dir='ltr'>in</span> <span class='ocrx_word' id='word_1_147' title='bbox 1017 1201 1144 1230; x_wconf 84' lang='lat' dir='ltr'>carne</span> <span class='ocrx_word' id='word_1_148' title='bbox 1166 1186 1337 1251; x_wconf 84' lang='lat' dir='ltr'>peccati</span> <span class='ocrx_word' id='word_1_149' title='bbox 1362 1196 1490 1252; x_wconf 84' lang='lat' dir='ltr'>atque</span> <span class='ocrx_word' id='word_1_150' title='bbox 1517 1185 1563 1231; x_wconf 93' lang='lat' dir='ltr'>in</span> <span class='ocrx_word' id='word_1_151' title='bbox 1587 1202 1687 1230; x_wconf 92' lang='lat' dir='ltr'>cor-</span> 
     </span>
     <span class='ocr_line' id='line_1_16' title="bbox 306 1254 1689 1320; baseline 0.001 -21"><span class='ocrx_word' id='word_1_152' title='bbox 306 1272 413 1318; x_wconf 88' lang='lat' dir='ltr'>pore</span> <span class='ocrx_word' id='word_1_153' title='bbox 445 1255 594 1300; x_wconf 87' lang='lat' dir='ltr'>mortis</span> <span class='ocrx_word' id='word_1_154' title='bbox 632 1255 765 1314; x_wconf 85' lang='lat' dir='ltr'>hujus</span> <span class='ocrx_word' id='word_1_155' title='bbox 804 1271 892 1299; x_wconf 92' lang='lat' dir='ltr'>non</span> <span class='ocrx_word' id='word_1_156' title='bbox 930 1254 1184 1317; x_wconf 79' lang='lat' dir='ltr'>perficietur</span> <span class='ocrx_word' id='word_1_157' title='bbox 1221 1255 1339 1320; x_wconf 87' lang='lat' dir='ltr'>quod</span> <span class='ocrx_word' id='word_1_158' title='bbox 1385 1256 1536 1319; x_wconf 89' lang='lat' dir='ltr'>perfici</span> <span class='ocrx_word' id='word_1_159' title='bbox 1572 1265 1689 1300; x_wconf 78' lang='lat' dir='ltr'>vetat</span> 
     </span>
     <span class='ocr_line' id='line_1_17' title="bbox 310 1324 1682 1389; baseline 0.001 -19"><span class='ocrx_word' id='word_1_160' title='bbox 310 1325 544 1388; x_wconf 81' lang='lat' dir='ltr'>Apostolus</span> <span class='ocrx_word' id='word_1_161' title='bbox 579 1325 725 1370; x_wconf 87' lang='lat' dir='ltr'>dicens</span> <span class='ocrx_word' id='word_1_162' title='bbox 749 1342 759 1369; x_wconf 71' lang='grc' dir='ltr'><strong>ε</strong></span> <span class='ocrx_word' id='word_1_163' title='bbox 789 1345 807 1365; x_wconf 78' lang='grc' dir='ltr'>α</span> <span class='ocrx_word' id='word_1_164' title='bbox 829 1324 1216 1387; x_wconf 80' lang='lat' dir='ltr'>Concupiscentias</span> <span class='ocrx_word' id='word_1_165' title='bbox 1240 1325 1380 1370; x_wconf 83' lang='lat' dir='ltr'>carnis</span> <span class='ocrx_word' id='word_1_166' title='bbox 1404 1343 1456 1372; x_wconf 89' lang='lat' dir='ltr'>ne</span> <span class='ocrx_word' id='word_1_167' title='bbox 1490 1324 1682 1389; x_wconf 82' lang='lat' dir='ltr'>perfece-</span> 
     </span>
     <span class='ocr_line' id='line_1_18' title="bbox 309 1394 1686 1460; baseline 0.003 -23"><span class='ocrx_word' id='word_1_168' title='bbox 309 1418 330 1437; x_wconf 86' lang='lat'>»</span> <span class='ocrx_word' id='word_1_169' title='bbox 354 1396 457 1442; x_wconf 83' lang='lat' dir='ltr'>ritis.</span> <span class='ocrx_word' id='word_1_170' title='bbox 491 1417 510 1437; x_wconf 59' lang='lat'>&gt;³</span> <span class='ocrx_word' id='word_1_171' title='bbox 537 1398 638 1459; x_wconf 80' lang='lat' dir='ltr'>Ipsa</span> <span class='ocrx_word' id='word_1_172' title='bbox 665 1395 831 1459; x_wconf 85' lang='lat' dir='ltr'>quippe</span> <span class='ocrx_word' id='word_1_173' title='bbox 849 1405 949 1440; x_wconf 85' lang='lat' dir='ltr'>sunt</span> <span class='ocrx_word' id='word_1_174' title='bbox 968 1411 1101 1457; x_wconf 86' lang='lat' dir='ltr'>opera</span> <span class='ocrx_word' id='word_1_175' title='bbox 1119 1432 1130 1450; x_wconf 85' lang='lat'><strong>,</strong></span> <span class='ocrx_word' id='word_1_176' title='bbox 1158 1394 1211 1440; x_wconf 90' lang='lat' dir='ltr'>de</span> <span class='ocrx_word' id='word_1_177' title='bbox 1236 1395 1398 1460; x_wconf 81' lang='lat' dir='ltr'>quibus</span> <span class='ocrx_word' id='word_1_178' title='bbox 1419 1406 1558 1443; x_wconf 86' lang='lat' dir='ltr'>totum</span> <span class='ocrx_word' id='word_1_179' title='bbox 1581 1395 1686 1442; x_wconf 88' lang='lat' dir='ltr'>mire</span> 
     </span>
     <span class='ocr_line' id='line_1_19' title="bbox 306 1463 1686 1532; baseline 0.001 -22"><span class='ocrx_word' id='word_1_180' title='bbox 306 1465 517 1529; x_wconf 87' lang='lat' dir='ltr'>sequitur,</span> <span class='ocrx_word' id='word_1_181' title='bbox 540 1476 581 1510; x_wconf 90' lang='lat' dir='ltr'>et</span> <span class='ocrx_word' id='word_1_182' title='bbox 604 1465 710 1511; x_wconf 82' lang='lat' dir='ltr'>dicit</span> <span class='ocrx_word' id='word_1_183' title='bbox 735 1482 746 1510; x_wconf 87' lang='lat'><strong>:</strong></span> <span class='ocrx_word' id='word_1_184' title='bbox 774 1486 794 1506; x_wconf 79' lang='grc' dir='ltr'>α</span> <span class='ocrx_word' id='word_1_185' title='bbox 816 1463 1040 1510; x_wconf 82' lang='lat' dir='ltr'>Manifesta</span> <span class='ocrx_word' id='word_1_186' title='bbox 1062 1475 1205 1510; x_wconf 85' lang='lat' dir='ltr'>autem</span> <span class='ocrx_word' id='word_1_187' title='bbox 1226 1476 1326 1512; x_wconf 77' lang='lat' dir='ltr'>sunt</span> <span class='ocrx_word' id='word_1_188' title='bbox 1356 1483 1486 1532; x_wconf 85' lang='lat' dir='ltr'>opera</span> <span class='ocrx_word' id='word_1_189' title='bbox 1510 1467 1651 1512; x_wconf 85' lang='lat' dir='ltr'>carnis</span> <span class='ocrx_word' id='word_1_190' title='bbox 1674 1502 1686 1522; x_wconf 83' lang='lat'><strong>,</strong></span> 
     </span>
     <span class='ocr_line' id='line_1_20' title="bbox 311 1535 1684 1599; baseline 0 -18"><span class='ocrx_word' id='word_1_191' title='bbox 311 1556 330 1576; x_wconf 88' lang='lat'>»</span> <span class='ocrx_word' id='word_1_192' title='bbox 351 1552 451 1599; x_wconf 80' lang='lat' dir='ltr'>quae</span> <span class='ocrx_word' id='word_1_193' title='bbox 478 1547 579 1581; x_wconf 89' lang='lat' dir='ltr'>sunt</span> <span class='ocrx_word' id='word_1_194' title='bbox 600 1536 907 1582; x_wconf 79' lang='lat' dir='ltr'>fornicationes</span> <span class='ocrx_word' id='word_1_195' title='bbox 923 1573 934 1592; x_wconf 82' lang='lat'>‚</span> <span class='ocrx_word' id='word_1_196' title='bbox 967 1535 1260 1581; x_wconf 76' lang='lat' dir='ltr'>immunditiae</span> <span class='ocrx_word' id='word_1_197' title='bbox 1275 1573 1285 1592; x_wconf 85' lang='lat'><strong><em>‚</em></strong></span> <span class='ocrx_word' id='word_1_198' title='bbox 1309 1535 1490 1584; x_wconf 82' lang='lat' dir='ltr'>luxuriae</span> <span class='ocrx_word' id='word_1_199' title='bbox 1505 1574 1516 1591; x_wconf 83' lang='lat'>‚</span> <span class='ocrx_word' id='word_1_200' title='bbox 1539 1536 1684 1582; x_wconf 80' lang='lat' dir='ltr'>idolo-</span> 
     </span>
     <span class='ocr_line' id='line_1_21' title="bbox 309 1606 1689 1666; baseline 0 -15"><span class='ocrx_word' id='word_1_201' title='bbox 309 1627 330 1647; x_wconf 86' lang='lat'>»</span> <span class='ocrx_word' id='word_1_202' title='bbox 354 1624 452 1652; x_wconf 89' lang='lat' dir='ltr'>rum</span> <span class='ocrx_word' id='word_1_203' title='bbox 488 1607 691 1663; x_wconf 82' lang='lat' dir='ltr'>servitus,</span> <span class='ocrx_word' id='word_1_204' title='bbox 721 1617 762 1652; x_wconf 92' lang='lat' dir='ltr'>et</span> <span class='ocrx_word' id='word_1_205' title='bbox 795 1617 950 1652; x_wconf 83' lang='lat' dir='ltr'>caetera</span> <span class='ocrx_word' id='word_1_206' title='bbox 965 1607 998 1654; x_wconf 60' lang='lat'>5&#39;.</span> <span class='ocrx_word' id='word_1_207' title='bbox 1026 1629 1044 1648; x_wconf 87' lang='lat'>»</span> <span class='ocrx_word' id='word_1_208' title='bbox 1077 1606 1123 1652; x_wconf 81' lang='lat' dir='ltr'>Si</span> <span class='ocrx_word' id='word_1_209' title='bbox 1143 1623 1242 1666; x_wconf 84' lang='lat' dir='ltr'>ergo</span> <span class='ocrx_word' id='word_1_210' title='bbox 1276 1625 1364 1652; x_wconf 87' lang='lat' dir='ltr'>non</span> <span class='ocrx_word' id='word_1_211' title='bbox 1395 1607 1689 1653; x_wconf 80' lang='lat' dir='ltr'>consentiatur</span> 
     </span>
     <span class='ocr_line' id='line_1_22' title="bbox 312 1677 1689 1740; baseline 0 -18"><span class='ocrx_word' id='word_1_212' title='bbox 312 1677 678 1740; x_wconf 83' lang='lat' dir='ltr'>concupiscentiis</span> <span class='ocrx_word' id='word_1_213' title='bbox 707 1677 848 1723; x_wconf 86' lang='lat' dir='ltr'>carnis</span> <span class='ocrx_word' id='word_1_214' title='bbox 866 1715 876 1733; x_wconf 86' lang='lat'><strong><em>‚</em></strong></span> <span class='ocrx_word' id='word_1_215' title='bbox 901 1678 1099 1740; x_wconf 84' lang='lat' dir='ltr'>quamvis</span> <span class='ocrx_word' id='word_1_216' title='bbox 1135 1688 1319 1736; x_wconf 82' lang='lat' dir='ltr'>agantur</span> <span class='ocrx_word' id='word_1_217' title='bbox 1354 1678 1573 1734; x_wconf 83' lang='lat' dir='ltr'>motibus,</span> <span class='ocrx_word' id='word_1_218' title='bbox 1602 1695 1689 1722; x_wconf 88' lang='lat' dir='ltr'>non</span> 
     </span>
     <span class='ocr_line' id='line_1_23' title="bbox 312 1747 1690 1811; baseline 0.002 -19"><span class='ocrx_word' id='word_1_219' title='bbox 312 1757 456 1792; x_wconf 87' lang='lat' dir='ltr'>tamen</span> <span class='ocrx_word' id='word_1_220' title='bbox 483 1748 763 1811; x_wconf 85' lang='lat' dir='ltr'>perficientur</span> <span class='ocrx_word' id='word_1_221' title='bbox 789 1748 1008 1811; x_wconf 87' lang='lat' dir='ltr'>operibus.</span> <span class='ocrx_word' id='word_1_222' title='bbox 1038 1747 1226 1793; x_wconf 88' lang='lat' dir='ltr'>Proinde</span> <span class='ocrx_word' id='word_1_223' title='bbox 1256 1765 1358 1793; x_wconf 89' lang='lat' dir='ltr'>cum</span> <span class='ocrx_word' id='word_1_224' title='bbox 1390 1765 1491 1794; x_wconf 89' lang='lat' dir='ltr'>caro</span> <span class='ocrx_word' id='word_1_225' title='bbox 1521 1765 1690 1795; x_wconf 89' lang='lat' dir='ltr'>concu—</span> 
     </span>
     <span class='ocr_line' id='line_1_24' title="bbox 311 1817 1690 1883; baseline 0.001 -21"><span class='ocrx_word' id='word_1_226' title='bbox 311 1818 441 1880; x_wconf 86' lang='lat' dir='ltr'>piscit</span> <span class='ocrx_word' id='word_1_227' title='bbox 464 1818 666 1864; x_wconf 83' lang='lat' dir='ltr'>adversus</span> <span class='ocrx_word' id='word_1_228' title='bbox 688 1819 888 1882; x_wconf 87' lang='lat' dir='ltr'>spiritum</span> <span class='ocrx_word' id='word_1_229' title='bbox 913 1829 954 1864; x_wconf 90' lang='lat' dir='ltr'>et</span> <span class='ocrx_word' id='word_1_230' title='bbox 983 1818 1161 1883; x_wconf 85' lang='lat' dir='ltr'>spiritus</span> <span class='ocrx_word' id='word_1_231' title='bbox 1181 1817 1265 1863; x_wconf 85' lang='lat' dir='ltr'>adv</span> <span class='ocrx_word' id='word_1_232' title='bbox 1256 1835 1384 1865; x_wconf 83' lang='lat' dir='ltr'>ersus</span> <span class='ocrx_word' id='word_1_233' title='bbox 1407 1835 1610 1875; x_wconf 88' lang='lat' dir='ltr'>carnem,</span> <span class='ocrx_word' id='word_1_234' title='bbox 1643 1829 1690 1865; x_wconf 91' lang='lat' dir='ltr'>ut</span> 
     </span>
     <span class='ocr_line' id='line_1_25' title="bbox 312 1888 1690 1953; baseline 0.003 -22"><span class='ocrx_word' id='word_1_235' title='bbox 312 1904 399 1932; x_wconf 90' lang='lat' dir='ltr'>non</span> <span class='ocrx_word' id='word_1_236' title='bbox 423 1905 471 1933; x_wconf 85' lang='lat' dir='ltr'>ea</span> <span class='ocrx_word' id='word_1_237' title='bbox 500 1905 600 1951; x_wconf 84' lang='lat' dir='ltr'>quae</span> <span class='ocrx_word' id='word_1_238' title='bbox 625 1888 827 1934; x_wconf 75' lang='lat' dir='ltr'>volumus</span> <span class='ocrx_word' id='word_1_239' title='bbox 855 1888 1095 1942; x_wconf 85' lang='lat' dir='ltr'>faciamus;</span> <span class='ocrx_word' id='word_1_240' title='bbox 1128 1904 1207 1934; x_wconf 87' lang='lat' dir='ltr'>nec</span> <span class='ocrx_word' id='word_1_241' title='bbox 1237 1889 1378 1935; x_wconf 83' lang='lat' dir='ltr'>carnis</span> <span class='ocrx_word' id='word_1_242' title='bbox 1401 1889 1690 1953; x_wconf 86' lang='lat' dir='ltr'>perficiuntur</span> 
     </span>
     <span class='ocr_line' id='line_1_26' title="bbox 313 1958 1690 2037; baseline 0.002 -35"><span class='ocrx_word' id='word_1_243' title='bbox 313 1959 704 2021; x_wconf 79' lang='lat' dir='ltr'>concupiscentiae,</span> <span class='ocrx_word' id='word_1_244' title='bbox 729 1959 926 2037; x_wconf 78' lang='lat' dir='ltr'>quamvis</span> <span class='ocrx_word' id='word_1_245' title='bbox 950 1959 1084 2011; x_wconf 89' lang='lat' dir='ltr'>fiant;</span> <span class='ocrx_word' id='word_1_246' title='bbox 1117 1976 1199 2004; x_wconf 90' lang='lat' dir='ltr'>nec</span> <span class='ocrx_word' id='word_1_247' title='bbox 1221 1968 1365 2005; x_wconf 85' lang='lat' dir='ltr'>nostra</span> <span class='ocrx_word' id='word_1_248' title='bbox 1397 1958 1690 2022; x_wconf 87' lang='lat' dir='ltr'>perficiuntur</span> 
     </span>
     <span class='ocr_line' id='line_1_27' title="bbox 312 2028 1691 2094; baseline 0.002 -22"><span class='ocrx_word' id='word_1_249' title='bbox 312 2028 429 2073; x_wconf 80' lang='lat' dir='ltr'>bona</span> <span class='ocrx_word' id='word_1_250' title='bbox 469 2045 626 2094; x_wconf 84' lang='lat' dir='ltr'>opera,</span> <span class='ocrx_word' id='word_1_251' title='bbox 654 2030 852 2093; x_wconf 69' lang='lat' dir='ltr'>quamvis</span> <span class='ocrx_word' id='word_1_252' title='bbox 889 2030 1010 2075; x_wconf 81' lang='lat' dir='ltr'>fiant.</span> <span class='ocrx_word' id='word_1_253' title='bbox 1043 2029 1308 2074; x_wconf 75' lang='lat' dir='ltr'>sicutenim</span> <span class='ocrx_word' id='word_1_254' title='bbox 1335 2039 1441 2075; x_wconf 86' lang='lat' dir='ltr'>tunc</span> <span class='ocrx_word' id='word_1_255' title='bbox 1464 2029 1691 2093; x_wconf 88' lang='lat' dir='ltr'>perficitur</span> 
     </span>
     <span class='ocr_line' id='line_1_28' title="bbox 315 2095 1694 2164; baseline 0.001 -22"><span class='ocrx_word' id='word_1_256' title='bbox 315 2098 453 2144; x_wconf 84' lang='lat' dir='ltr'>carnis</span> <span class='ocrx_word' id='word_1_257' title='bbox 468 2095 821 2163; x_wconf 85' lang='lat' dir='ltr'>concupiscentia</span> <span class='ocrx_word' id='word_1_258' title='bbox 840 2137 854 2156; x_wconf 12' lang='lat' dir='ltr'>‚A</span> <span class='ocrx_word' id='word_1_259' title='bbox 874 2116 974 2145; x_wconf 90' lang='lat' dir='ltr'>cum</span> <span class='ocrx_word' id='word_1_260' title='bbox 1000 2099 1214 2145; x_wconf 87' lang='lat' dir='ltr'>consentit</span> <span class='ocrx_word' id='word_1_261' title='bbox 1229 2099 1267 2150; x_wconf 85' lang='lat' dir='ltr'>ei</span> <span class='ocrx_word' id='word_1_262' title='bbox 1291 2099 1466 2164; x_wconf 87' lang='lat' dir='ltr'>spiritus</span> <span class='ocrx_word' id='word_1_263' title='bbox 1485 2099 1540 2144; x_wconf 85' lang='lat' dir='ltr'>ad</span> <span class='ocrx_word' id='word_1_264' title='bbox 1561 2116 1694 2162; x_wconf 84' lang='lat' dir='ltr'>opera</span> 
     </span>
     <span class='ocr_line' id='line_1_29' title="bbox 314 2169 1688 2235; baseline 0.001 -22"><span class='ocrx_word' id='word_1_265' title='bbox 314 2170 449 2226; x_wconf 81' lang='lat' dir='ltr'>mala,</span> <span class='ocrx_word' id='word_1_266' title='bbox 473 2182 520 2216; x_wconf 88' lang='lat' dir='ltr'>ut</span> <span class='ocrx_word' id='word_1_267' title='bbox 543 2189 630 2217; x_wconf 91' lang='lat' dir='ltr'>non</span> <span class='ocrx_word' id='word_1_268' title='bbox 652 2171 935 2235; x_wconf 83' lang='lat' dir='ltr'>concupiscat</span> <span class='ocrx_word' id='word_1_269' title='bbox 954 2170 1157 2219; x_wconf 78' lang='lat' dir='ltr'>adversus</span> <span class='ocrx_word' id='word_1_270' title='bbox 1187 2170 1306 2218; x_wconf 78' lang='lat' dir='ltr'>illam</span> <span class='ocrx_word' id='word_1_271' title='bbox 1324 2207 1334 2226; x_wconf 88' lang='lat'>,</span> <span class='ocrx_word' id='word_1_272' title='bbox 1361 2169 1434 2215; x_wconf 89' lang='lat' dir='ltr'>sed</span> <span class='ocrx_word' id='word_1_273' title='bbox 1461 2187 1561 2216; x_wconf 87' lang='lat' dir='ltr'>cum</span> <span class='ocrx_word' id='word_1_274' title='bbox 1585 2169 1688 2215; x_wconf 81' lang='lat' dir='ltr'>illa:</span> 
     </span>
     <span class='ocr_line' id='line_1_30' title="bbox 314 2239 1689 2305; baseline 0.001 -22"><span class='ocrx_word' id='word_1_275' title='bbox 314 2240 373 2284; x_wconf 88' lang='lat' dir='ltr'>sic</span> <span class='ocrx_word' id='word_1_276' title='bbox 394 2251 435 2285; x_wconf 87' lang='lat' dir='ltr'>et</span> <span class='ocrx_word' id='word_1_277' title='bbox 471 2241 589 2287; x_wconf 84' lang='lat' dir='ltr'>bona</span> <span class='ocrx_word' id='word_1_278' title='bbox 623 2258 754 2304; x_wconf 88' lang='lat' dir='ltr'>opera</span> <span class='ocrx_word' id='word_1_279' title='bbox 790 2251 935 2286; x_wconf 87' lang='lat' dir='ltr'>nostra</span> <span class='ocrx_word' id='word_1_280' title='bbox 976 2251 1080 2286; x_wconf 85' lang='lat' dir='ltr'>tunc</span> <span class='ocrx_word' id='word_1_281' title='bbox 1107 2239 1605 2305; x_wconf 53' lang='lat' dir='ltr'>perficientur2quando</span> <span class='ocrx_word' id='word_1_282' title='bbox 1630 2239 1689 2284; x_wconf 84' lang='lat' dir='ltr'>ita</span> 
     </span>
     <span class='ocr_line' id='line_1_31' title="bbox 311 2309 1691 2373; baseline 0 -19"><span class='ocrx_word' id='word_1_283' title='bbox 311 2310 484 2373; x_wconf 88' lang='lat' dir='ltr'>spiritui</span> <span class='ocrx_word' id='word_1_284' title='bbox 505 2327 606 2356; x_wconf 87' lang='lat' dir='ltr'>caro</span> <span class='ocrx_word' id='word_1_285' title='bbox 629 2311 911 2367; x_wconf 79' lang='lat' dir='ltr'>consenserit,</span> <span class='ocrx_word' id='word_1_286' title='bbox 940 2321 988 2356; x_wconf 94' lang='lat' dir='ltr'>ut</span> <span class='ocrx_word' id='word_1_287' title='bbox 1007 2310 1207 2356; x_wconf 80' lang='lat' dir='ltr'>adversus</span> <span class='ocrx_word' id='word_1_288' title='bbox 1222 2327 1320 2355; x_wconf 85' lang='lat' dir='ltr'>eum</span> <span class='ocrx_word' id='word_1_289' title='bbox 1340 2310 1468 2357; x_wconf 87' lang='lat' dir='ltr'>etiam</span> <span class='ocrx_word' id='word_1_290' title='bbox 1491 2309 1584 2372; x_wconf 84' lang='lat' dir='ltr'>ipsa</span> <span class='ocrx_word' id='word_1_291' title='bbox 1603 2326 1691 2355; x_wconf 91' lang='lat' dir='ltr'>non</span> 
     </span>
     <span class='ocr_line' id='line_1_32' title="bbox 311 2379 1690 2446; baseline -0.002 -18"><span class='ocrx_word' id='word_1_292' title='bbox 311 2381 606 2445; x_wconf 86' lang='lat' dir='ltr'>concupiscat.</span> <span class='ocrx_word' id='word_1_293' title='bbox 639 2382 734 2427; x_wconf 90' lang='lat' dir='ltr'>Hoc</span> <span class='ocrx_word' id='word_1_294' title='bbox 758 2383 874 2428; x_wconf 87' lang='lat' dir='ltr'>enim</span> <span class='ocrx_word' id='word_1_295' title='bbox 899 2381 1122 2437; x_wconf 77' lang='lat' dir='ltr'>volumus,</span> <span class='ocrx_word' id='word_1_296' title='bbox 1147 2397 1248 2426; x_wconf 89' lang='lat' dir='ltr'>cum</span> <span class='ocrx_word' id='word_1_297' title='bbox 1262 2379 1574 2446; x_wconf 77' lang='lat' dir='ltr'>perfectionem</span> <span class='ocrx_word' id='word_1_298' title='bbox 1590 2383 1690 2440; x_wconf 85' lang='lat' dir='ltr'>jus-</span> 
     </span>
    </p>
   </div>
   <div class='ocr_carea' id='block_1_3' title="bbox 314 2477 1689 2576">
    <p class='ocr_par' dir='ltr' id='par_1_3' title="bbox 314 2477 1689 2576">
     <span class='ocr_line' id='line_1_33' title="bbox 360 2477 1689 2520; baseline -0.002 -8"><span class='ocrx_word' id='word_1_299' title='bbox 360 2484 371 2504; x_wconf 84' lang='lat'><em>1</em></span> <span class='ocrx_word' id='word_1_300' title='bbox 390 2481 497 2513; x_wconf 79' lang='lat' dir='ltr'>Galat.</span> <span class='ocrx_word' id='word_1_301' title='bbox 516 2491 546 2518; x_wconf 67' lang='lat' dir='ltr'>V,</span> <span class='ocrx_word' id='word_1_302' title='bbox 569 2492 619 2519; x_wconf 84' lang='lat'>17.</span> <span class='ocrx_word' id='word_1_303' title='bbox 638 2499 679 2504; x_wconf 97' lang='lat'><strong>—</strong></span> <span class='ocrx_word' id='word_1_304' title='bbox 695 2479 710 2502; x_wconf 81' lang='lat'>2</span> <span class='ocrx_word' id='word_1_305' title='bbox 726 2483 819 2515; x_wconf 74' lang='lat' dir='ltr'>Rom.</span> <span class='ocrx_word' id='word_1_306' title='bbox 835 2491 893 2520; x_wconf 60' lang='lat' dir='ltr'>vu,</span> <span class='ocrx_word' id='word_1_307' title='bbox 912 2492 952 2515; x_wconf 78' lang='lat'>29</span> <span class='ocrx_word' id='word_1_308' title='bbox 976 2491 1029 2511; x_wconf 82' lang='lat'>22.</span> <span class='ocrx_word' id='word_1_309' title='bbox 1046 2498 1087 2504; x_wconf 89' lang='lat'>—</span> <span class='ocrx_word' id='word_1_310' title='bbox 1103 2477 1117 2502; x_wconf 85' lang='grc'>3</span> <span class='ocrx_word' id='word_1_311' title='bbox 1130 2480 1235 2512; x_wconf 77' lang='lat' dir='ltr'>Galat.</span> <span class='ocrx_word' id='word_1_312' title='bbox 1255 2490 1283 2519; x_wconf 75' lang='lat' dir='ltr'>v,</span> <span class='ocrx_word' id='word_1_313' title='bbox 1305 2482 1405 2510; x_wconf 86' lang='lat'>18.—</span> <span class='ocrx_word' id='word_1_314' title='bbox 1423 2477 1437 2501; x_wconf 73' lang='lat'><strong>⁴</strong></span> <span class='ocrx_word' id='word_1_315' title='bbox 1457 2481 1553 2510; x_wconf 80' lang='lat' dir='ltr'>Rom.</span> <span class='ocrx_word' id='word_1_316' title='bbox 1571 2489 1616 2516; x_wconf 68' lang='lat' dir='ltr'>vx,</span> <span class='ocrx_word' id='word_1_317' title='bbox 1635 2490 1689 2512; x_wconf 71' lang='grc' dir='ltr'>η.</span> 
     </span>
     <span class='ocr_line' id='line_1_34' title="bbox 314 2536 634 2576; baseline 0.003 -6"><span class='ocrx_word' id='word_1_318' title='bbox 314 2557 355 2562; x_wconf 91' lang='lat'>—-</span> <span class='ocrx_word' id='word_1_319' title='bbox 374 2536 391 2560; x_wconf 82' lang='lat'>5</span> <span class='ocrx_word' id='word_1_320' title='bbox 407 2537 511 2570; x_wconf 77' lang='lat' dir='ltr'>Galat.</span> <span class='ocrx_word' id='word_1_321' title='bbox 529 2546 562 2576; x_wconf 68' lang='lat' dir='ltr'>V,</span> <span class='ocrx_word' id='word_1_322' title='bbox 580 2537 634 2571; x_wconf 73' lang='grc' dir='ltr'>ιδ.</span> 
     </span>
    </p>
   </div>
   <div class='ocr_carea' id='block_1_4' title="bbox 1761 0 1843 3190">
    <p class='ocr_par' dir='ltr' id='par_1_4' title="bbox 1761 0 1843 3190">
     <span class='ocr_line' id='line_1_35' title="bbox 1761 0 1843 3190; baseline 0 0"><span class='ocrx_word' id='word_1_323' title='bbox 1761 0 1843 3190; x_wconf 95' lang='lat' dir='ltr'> </span> 
     </span>
    </p>
   </div>
  </div>
 </body>
</html>
