1843 3190
349 274 435 326 166
761 295 796 324 S.‘
840 293 1082 324 Aucus'rim
1116 291 1321 324 EPISCOPI

344 360 392 406 in
414 369 455 405 te
473 359 622 419 gratiae
645 358 841 418 largitate
863 358 1186 404 x‘icisti.Secura
1211 368 1272 403 est
1291 375 1450 404 corona
1472 359 1564 414 tua,
1589 359 1721 404 victo-

345 432 458 477 riosa
481 440 544 475 est
562 429 760 475 doctrina
782 440 875 483 tua,
897 429 941 473 in
964 430 1050 492 qua
1069 440 1110 474 et
1129 429 1230 474 istos
1247 429 1384 474 vincis
1403 430 1477 491 qui
1492 429 1723 475 confidunt

345 502 391 547 in
414 501 576 546 virtute
600 516 690 545 sua.
731 499 821 562 Ipsi
845 500 957 544 enini
995 499 1212 555 clamant,
1240 499 1456 545 Perfectio
1484 500 1610 544 nobis
1629 500 1721 544 vir-

349 570 453 617 tutis
471 588 493 615 a
508 569 635 615 nobis
654 579 715 614 est
742 587 753 614 t
772 579 820 614 tu
840 580 980 614 autem
999 568 1204 614 reclamas
1223 605 1233 625 ,
1258 590 1278 610 «
1300 570 1436 614 Nemo
1460 570 1545 614 suis
1560 569 1725 614 viribus

349 642 472 687 fortis
496 651 576 696 est,
604 639 675 685 sed
697 640 776 685 Dei
802 639 1073 699 indulgentia
1096 650 1137 684 et
1154 639 1445 685 misericordia
1476 649 1592 684 tutus
1609 650 1684 684 est.
1706 659 1726 678 »

412 711 574 757 XXVI.
609 710 726 755 Audi
749 722 791 755 et
814 710 1112 755 beatissimum
1137 709 1372 764 Hilarium,
1393 710 1467 754 uhi
1485 719 1623 772 speret
1640 708 1728 754 ho-

350 782 477 827 minis
499 779 824 843 perfectionem.
850 781 963 825 Cum
983 780 1098 824 enim
1124 779 1372 842 loqueretur
1399 780 1451 824 de
1469 796 1576 841 pace
1593 796 1728 823 evan-

350 851 484 911 gelica
509 887 519 905 ‚
563 850 643 895 ubi
687 851 899 895 Dominus
926 850 1014 903 ait,
1051 871 1070 890 α
1089 851 1247 893 Pacem
1281 867 1419 894 meam
1454 849 1509 893 do
1539 847 1725 894 vobisstz

352 921 466 976 Quia
488 919 553 964 lex
570 955 581 975 ,
604 919 749 982 inquit
766 957 777 975 ‚
803 920 960 964 umbra
992 930 1084 964 erat
1110 918 1359 964 futurorum
1386 920 1602 964 bonorum
1626 956 1636 973 ,
1660 918 1731 963 id—

353 991 470 1037 circo
496 1006 576 1053 per
612 989 729 1035 hanc
752 991 1082 1052 praefiguratam
1118 989 1450 1049 significantiam
1478 990 1628 1036 docuit
1658 1006 1734 1035 nos

353 1062 399 1107 in
422 1061 508 1106 hoc
535 1061 691 1105 terreni
723 1072 764 1106 et
799 1061 1020 1106 morticini
1051 1061 1248 1123 corporis
1268 1060 1523 1106 habitaculo
1550 1060 1735 1105 mundos

353 1138 439 1177 esse
465 1147 553 1176 non
574 1148 712 1193 posse,
739 1131 821 1176 nisi
846 1149 926 1194 per
941 1130 1209 1176 abiutionem
1227 1129 1411 1177 coelestis
1429 1129 1736 1176 misericordiae

355 1200 711 1247 emundationem
741 1219 1078 1265 consequamur,
1106 1212 1206 1265 post
1227 1201 1566 1247 demutationem
1590 1217 1735 1246 resur-

360 1271 567 1317 rectionis
609 1272 764 1316 terreni
804 1272 1000 1334 corporis
1039 1271 1173 1317 nostri
1211 1273 1360 1317 effecta
1390 1271 1636 1331 gloriosiore
1657 1288 1738 1315 na—

354 1342 499 1388 tura2.
537 1361 557 1383 ³>
579 1342 746 1387 Rursus
769 1342 814 1387 in
837 1342 987 1387 eodem
1028 1359 1221 1387 sermone
1243 1342 1259 1370 3
1289 1360 1299 1387 ε
1342 1365 1360 1383 «
1384 1343 1493 1405 Ipsis
1512 1379 1522 1397 ‚
1560 1341 1703 1403 inquit
1725 1378 1735 1395 ‚

360 1412 580 1476 Apostolis
604 1413 738 1458 verbo
762 1413 863 1458 licet
886 1414 973 1474 jam
1000 1413 1101 1458 fidei
1124 1413 1368 1458 emundatis
1394 1425 1519 1476 atque
1543 1413 1739 1457 sanctifi-

360 1482 467 1527 catis
491 1499 578 1526 non
601 1482 743 1527 deesse
767 1493 910 1527 tamen
933 1482 1162 1537 malitiam,
1185 1500 1263 1545 per
1287 1483 1583 1529 conditionem
1613 1499 1738 1527 com-

359 1552 504 1598 munis
523 1552 649 1597 nobis
673 1552 848 1612 originis
867 1590 879 1609 ,
904 1553 1057 1598 docuit
1077 1553 1224 1599 dicens
1249 1574 1259 1607 ;
1297 1576 1316 1595 α
1344 1555 1389 1600 Si
1418 1571 1494 1599 vos
1520 1570 1620 1598 cum
1653 1553 1743 1598 sitis

360 1644 381 1664 »
399 1622 525 1678 mali,
561 1622 694 1667 nostis
730 1622 848 1667 bona
884 1623 985 1668 data
1021 1623 1125 1669 dare
1169 1624 1268 1669 filiis
1310 1624 1460 1670 vestris
1495 1623 1528 1670 ¹⁴.
1560 1646 1577 1664 υ
1616 1622 1744 1668 Vides

363 1691 735 1756 quemadmodum
765 1688 1024 1738 venerabilis
1047 1694 1290 1739 catholicus
1316 1694 1581 1757 disputator,
1605 1693 1745 1738 necin

363 1762 450 1807 hac
469 1761 559 1807 vita
584 1761 915 1807 mundationem
944 1767 1138 1808 nostram
1166 1775 1316 1823 neget3
1342 1775 1383 1810 et
1412 1776 1557 1809 tamen
1581 1763 1745 1808 huma-

366 1849 467 1877 nam
491 1831 791 1895 perfectiorem
811 1843 971 1895 speret,
993 1833 1057 1891 (id
1080 1844 1143 1879 est
1160 1871 1170 1889 ‚
1201 1830 1470 1897 perfectioris
1494 1824 1747 1879 mundatio-

366 1903 450 1964 nis)
471 1902 516 1947 in
534 1901 688 1947 ultima
711 1904 1024 1949 resurrectione
1049 1915 1265 1952 naturam.

432 1973 618 2019 XXVII.
647 1974 699 2018 In
719 1974 912 2036 quadam
936 1992 1038 2022 vero
1072 1975 1254 2021 homilia
1284 1976 1337 2021 de
1367 1976 1483 2021 iibro
1504 1974 1641 2020 san'cti
1664 1975 1748 2019 Job

369 2041 544 2088 attende
563 2042 671 2105 quid
698 2043 844 2088 dicat5
862 2081 875 2101 ‚
902 2044 1276 2108 quemadmodum
1309 2046 1445 2109 ipsius
1476 2044 1641 2091 diaboli
1675 2047 1749 2089 ad-

368 2128 517 2157 versus
533 2128 610 2157 nos
628 2112 875 2159 indesinens
899 2114 1061 2160 bellum
1092 2132 1140 2160 ex
1156 2115 1243 2160 hoc
1262 2112 1353 2161 fieri
1374 2116 1557 2171 asserat,
1585 2127 1684 2160 cum
1703 2131 1750 2159 ea

370 2181 484 2226 mala
506 2198 608 2245 quae
638 2183 684 2227 in
719 2183 846 2228 nobis
873 2195 974 2230 sunt
994 2221 1005 2240 ‚
1048 2186 1204 2230 excitat
1229 2197 1383 2232 contra
1421 2203 1527 2239 nos3
1557 2179 1674 2248 q‘uo‘d
1705 2185 1750 2229 in

369 2262 562 2297 nostram
586 2253 681 2298 fieri
700 2254 928 2300 utilitatem
953 2255 1048 2301 vult
1070 2255 1224 2301 docere
1247 2293 1257 2312 ‚
1287 2259 1564 2302 convertente
1587 2250 1752 2300 scilicet

367 2321 516 2367 divina
556 2322 855 2370 misericordia
896 2325 1106 2371 malitiam
1148 2326 1315 2371 diaboli
1351 2327 1405 2372 ad
1449 2327 1750 2389 purgationem

374 2401 580 2437 nostram.
610 2413 631 2433 c<
651 2393 791 2440 Tanta
834 2394 947 2440 enim
973 2406 1014 2440 et
1042 2407 1130 2441 tam
1173 2395 1460 2451 admirabilis,
1505 2396 1672 2458 inquit,
1708 2395 1754 2439 in

364 2477 442 2506 nos
465 2460 772 2509 misericordiae
812 2464 890 2510 Dei
916 2465 1089 2511 bonitas
1107 2476 1186 2520 est,
1233 2476 1279 2511 ut
1300 2483 1377 2530 per
1414 2483 1541 2530 quem
1562 2466 1605 2511 in
1646 2464 1754 2511 Adae

414 2556 426 2579 ¹
446 2560 542 2591 Joan.
562 2570 629 2598 x1v,
649 2572 704 2602 27.
718 2566 763 2586 4-
784 2562 799 2585 ²
820 2564 960 2597 Hilarius
979 2565 1012 2597 in
1030 2564 1111 2598 Psal.
1131 2577 1243 2608 cxx-111,
1275 2568 1328 2599 18.
1348 2583 1394 2590 -—
1412 2564 1426 2587 3
1450 2566 1531 2598 [bid.
1555 2565 1594 2597 ad
1613 2576 1644 2598 v.
1678 2576 1690 2595 1
1704 2565 1751 2594 15.

371 2630 415 2636 —
430 2609 445 2636 ⁴
462 2612 582 2651 Matth.
601 2619 658 2657 vn,
676 2622 776 2652 ηε
792 2617 806 2643 ⁵
823 2615 962 2654 Hemina
981 2621 1019 2653 de‘
1035 2614 1068 2656 s.
1087 2611 1170 2653 soh:
1192 2616 1246 2654 sed
1265 2632 1331 2654 non
1346 2628 1444 2654 enat.
