1843 3190
329 234 389 296 96
749 244 785 273 s.
828 241 1072 275 Auensrmi
1108 240 1312 272 EPISCOPI

392 313 519 358 XIII.
552 311 616 357 An
639 308 737 356 ideo
765 306 1101 354 contemnendos
1127 316 1272 369 putaS,
1294 304 1397 367 quia
1421 303 1701 350 occidentalis
1762 347 1767 353 „

330 382 535 429 Ecclesiae
553 391 653 426 sunt
672 396 836 434 omnes,
875 395 954 424 nec
980 377 1093 423 ullus
1110 388 1170 422 est
1189 378 1233 422 in
1257 377 1314 421 eis
1339 386 1701 421 commemoratus

330 471 354 498 a
374 452 501 498 nobis
526 450 717 497 Orientis
738 449 994 512 episcopus?
1021 447 1142 503 Quid
1163 464 1263 507 ergo
1282 446 1504 502 faciemus,
1520 463 1621 491 cum
1636 445 1702 491 illi

333 521 477 567 Graeci
501 521 603 575 sint,
641 536 719 564 nos
739 519 913 564 Latini?
937 519 1053 563 Puto
1078 517 1161 562 tibi
1186 534 1279 562 eam
1295 527 1463 580 partem
1478 516 1595 561 orbis
1611 514 1704 561 suf-

327 593 454 637 ficere
471 591 645 645 debere,
664 590 711 634 in
724 605 811 651 qua
828 589 1022 651 primum
1035 587 1346 650 Apostolorum
1366 604 1548 632 suorum
1565 586 1707 632 voluit

334 663 547 707 Dominus
576 659 878 720 gloriosissimo
914 660 1123 722 martyrio
1148 676 1369 706 coronare.
1403 659 1485 703 Cui
1505 657 1712 703 Ecclesiae

332 731 636 795 praesidentem
646 731 825 775 beatum
846 729 1150 774 Innocentium
1167 729 1200 773 si
1219 728 1366 774 audire
1384 728 1604 783 voluisses,
1620 731 1714 786 jam

333 812 438 846 tunc
462 800 751 864 periculosam
791 803 1067 858 juventutem
1107 809 1226 843 tuam
1265 798 1506 858 Pelagianis
1549 797 1714 859 laqueis

331 872 524 918 exuisses,
555 870 674 926 Quid
696 870 809 914 enim
828 870 974 932 potuit
1005 870 1077 914 ille
1102 871 1169 914 vir
1193 880 1366 914 sanctus
1390 868 1602 914 Africanis
1619 884 1714 913 res-

332 940 525 1004 pondere
545 939 738 985 conciliis
759 976 769 993 ,
804 939 884 983 nisi
907 939 1027 1002 quod
1066 940 1304 1002 antiquitus
1325 938 1574 1002 Apostolica
1598 937 1716 983 sedes

331 1022 373 1056 et
392 1012 592 1055 Romana
628 1026 729 1054 cum
753 1009 919 1055 caeteris
941 1017 1054 1054 tenet
1072 1020 1397 1072 perseveranter
1417 1009 1635 1054 Ecclesia?
1659 1009 1717 1052 Et

336 1091 477 1126 tamen
505 1083 595 1139 ejus
622 1096 909 1125 successorem
930 1079 948 1108 '1
974 1079 1155 1125 crimine
1186 1079 1558 1142 praevaricationis
1581 1095 1717 1123 accu-

329 1168 410 1205 saS,
435 1150 538 1213 quia
551 1149 766 1194 doctrinae
794 1149 1058 1211 Apostolicae
1081 1159 1122 1194 et
1145 1151 1211 1195 sui
1234 1150 1465 1195 decessoris
1486 1149 1712 1194 sententiae

333 1220 473 1266 noluit
499 1218 720 1278 refragari.
754 1218 840 1264 Sed
865 1219 918 1264 de
943 1219 1031 1264 hoc
1055 1220 1226 1265 interim
1252 1230 1399 1275 taceo,
1432 1237 1485 1264 ne
1519 1219 1715 1264 animum

334 1301 479 1345 tuum,
501 1306 631 1352 quem
646 1306 793 1334 sanare
816 1289 963 1351 potius
985 1289 1117 1351 cupio
1142 1307 1273 1352 quam
1292 1289 1460 1334 irritare
1476 1326 1486 1345 ,
1510 1288 1717 1334 laudibus
1769 1303 1773 1306 ’
1807 1309 1809 1354 j

339 1361 400 1405 tui
427 1359 694 1404 damnatoris
730 1359 984 1405 exulcerem.
1015 1359 1176 1404 Sancto
1206 1360 1463 1404 Innocentio
1487 1358 1586 1405 vide
1608 1357 1717 1422 quid

335 1429 612 1492 respondeas,
648 1429 725 1491 qui
747 1429 861 1473 nihil
886 1428 1005 1474 aliud
1029 1428 1082 1473 de
1102 1429 1188 1475 hac
1208 1447 1252 1475 re
1277 1430 1410 1492 sapit,
1438 1446 1571 1491 quam
1597 1427 1720 1491 quod

335 1500 405 1544 isti
423 1499 467 1543 in
487 1515 674 1560 quorum
712 1508 750 1543 te
787 1508 1067 1553 conventum,
1091 1499 1126 1543 si
1155 1509 1300 1544 tamen
1328 1499 1505 1562 prodest
1530 1497 1714 1561 aliquid,

335 1568 556 1614 introduxi
577 1586 587 1612 :
606 1585 707 1613 curn
724 1568 793 1612 his
809 1568 939 1613 etiam
958 1569 1050 1630 ipse
1069 1569 1279 1626 considet,
1295 1570 1372 1615 etsi
1388 1569 1601 1633 posterior
1615 1579 1722 1613 teni-

338 1655 461 1701 pore,
484 1639 603 1701 prior
627 1638 737 1684 loco.
773 1641 839 1682 De
864 1639 1029 1683 miseris
1051 1639 1246 1702 parvulis
1267 1640 1323 1684 ab
1344 1640 1543 1700 originali
1576 1638 1690 1684 malo
1705 1674 1716 1693 ,

340 1708 459 1771 quod
480 1708 670 1753 trahitur
697 1725 743 1753 ex
783 1708 940 1763 Adam,
968 1726 1046 1772 per
1077 1709 1240 1754 Christi
1261 1711 1443 1770 gratiam
1461 1708 1718 1764 liberandis,

341 1795 475 1824 unani
497 1795 597 1824 cum
618 1779 674 1823 eis
706 1789 817 1824 tenet
843 1779 1124 1824 christianam
1147 1797 1378 1843 veramque
1398 1780 1655 1825 sententiam
1669 1778 1686 1805 2
1707 1795 1717 1821 :

342 1849 416 1912 qui
431 1866 556 1894 omne
584 1849 857 1912 praeteritum
877 1849 1049 1900 vitium.
1077 1850 1211 1912 primi
1230 1851 1395 1895 scilicet
1415 1850 1622 1904 hominis,
1646 1848 1723 1911 qui

342 1920 479 1965 libero
495 1920 674 1965 arbitrio
700 1931 762 1965 est
783 1920 827 1964 in
849 1919 1071 1982 profunda
1083 1920 1300 1966 demersus
1314 1920 1349 1976 3,
1368 1920 1595 1965 Christum
1617 1919 1723 1964 dixit

344 1990 408 2034 sui
420 1989 593 2035 lavacro
610 2007 814 2053 purgasse
831 1990 1105 2053 baptismatis
1124 2008 1134 2035 ε
1156 1991 1232 2053 qui
1252 1991 1437 2054 denique
1451 1989 1636 2053 parvulo
1652 1989 1723 2035 de-

344 2061 502 2117 finivit,
530 2061 611 2106 nisi
631 2062 992 2107 manducaverint
1011 2079 1184 2107 carnem
1204 2062 1299 2107 Filii
1313 2062 1504 2107 hominis
1523 2061 1560 2117 Λ,
1589 2061 1725 2106 vitam

343 2147 520 2193 prorsus
538 2131 700 2176 habere
727 2148 816 2176 non
846 2149 984 2194 posse.
1019 2133 1134 2178 Huic
1158 2132 1396 2196 responde,
1420 2132 1508 2177 imo
1529 2131 1612 2194 ipsi
1635 2133 1724 2176 Do-

343 2202 480 2257 mino,
507 2205 631 2260 cujus
649 2201 721 2247 ille
746 2202 918 2247 antistes
941 2219 1041 2248 usus
1063 2214 1124 2248 est
1150 2204 1410 2260 testimonio,
1439 2214 1480 2249 et
1518 2202 1589 2247 dic
1609 2201 1724 2247 unde

344 2272 487 2331 imago
513 2273 592 2317 Dei
617 2282 704 2317 tam
732 2272 908 2335 capitali
933 2273 1152 2336 supplicio
1185 2274 1420 2337 puniatur,
1443 2284 1491 2318 ut
1511 2273 1601 2318 vita
1628 2273 1724 2335 pri-

345 2352 487 2396 vetur,
515 2342 549 2386 si
565 2352 798 2405 peccatum
826 2344 1143 2389 anascentibus
1169 2344 1376 2403 originale
1399 2361 1484 2390 non
1513 2343 1716 2389 trahitur.

395 2458 406 2480 ¹
426 2458 603 2492 Zozimum.
618 2458 690 2483 -2
706 2459 804 2503 Epist.
829 2460 905 2493 181.
927 2459 1013 2502 apud
1028 2459 1159 2501 August.
1181 2470 1213 2493 n.
1234 2472 1264 2500 7.
1288 2457 1361 2483 ——3
1396 2459 1444 2492 Id.
1484 2460 1561 2493 182.
1587 2469 1618 2491 n.
1635 2459 1723 2490 5.-

349 2512 363 2536 4
381 2516 475 2546 Joan.
490 2525 536 2555 vx,
553 2515 607 2550 54.
