1843 3190
182 308 363 342 CONTRA
397 309 512 343 beas
544 305 780 341 zrlsroms
815 304 1421 348 PBLAfflANoRUM,uB.111.
1501 293 1555 339 13

181 385 306 421 terrae
343 374 576 436 Evangelio
605 372 868 420 diffamat01.
901 371 991 429 Qui
1017 371 1161 417 Judaei
1185 371 1424 417 secundum
1449 389 1558 435 pro-

178 440 350 503 phetias
363 457 470 504 quas
487 439 635 499 legunt
648 454 725 502 per
740 454 887 483 omnes
906 447 1006 483 sunt
1018 447 1149 482 terras
1168 436 1331 499 ubique
1349 435 1547 498 dispersi,

179 520 229 556 ut
264 527 310 555 ex
331 527 479 557 eorum
498 525 674 573 quoque
698 507 924 554 codicibus
945 507 1196 553 christianae
1222 522 1310 552 non
1336 506 1445 552 desit
1466 517 1553 552 tes-

178 590 414 625 timonium
438 589 625 626 veritati.

244 650 300 696 X.
332 650 387 695 Et
412 649 575 695 Vetus
563 649 696 709 lgitur
712 649 1034 694 Testamentum
1059 649 1175 694 Deus
1197 646 1428 693 condidit.
1451 647 1555 724 quia

179 719 272 765 Deo
295 718 495 782 placuit,
523 735 658 782 usque
677 718 729 764 ad
759 718 1077 781 plenitudinem
1103 718 1310 781 temporis
1337 717 1558 780 promissis

180 789 358 835 terrenis
391 800 597 853 tanquam
630 789 675 834 in
697 789 882 867 praemio
910 787 1155 835 constitutis
1183 788 1392 850 promissa
1417 785 1559 832 velare

181 859 400 914 coelestia;
427 870 468 905 et
486 859 655 923 populo
675 859 853 905 terrenis
878 859 1005 904 bonis
1022 857 1238 914 inhianti,
1269 868 1309 902 et
1326 866 1558 920 propterea

183 929 343 974 durum
368 946 444 974 cor
467 929 675 985 habenti,
697 928 894 991 quamvis
909 927 1146 991 spiritalem
1162 963 1173 982 ‚
1201 937 1345 972 tamen
1364 926 1409 970 in
1428 926 1558 971 tabu-

181 998 235 1044 lis
256 997 438 1061 lapideis
461 998 597 1058 legem
621 998 738 1045 dare.
783 999 983 1060 Exceptis
1008 998 1175 1060 quippe
1198 996 1413 1041 librorum
1439 1006 1559 1041 vete-

181 1085 281 1115 rum
300 1069 576 1114 sacramentis
594 1104 606 1123 ,
627 1085 729 1132 quae
746 1067 836 1113 sola
856 1066 1130 1128 significandi
1151 1066 1316 1112 ratione
1334 1077 1560 1128 praecepta

185 1149 315 1195 sunt,
352 1138 632 1203 (quanquam
662 1149 705 1184 et
730 1139 776 1184 in
799 1137 856 1183 eis
879 1138 1087 1202 quoniam
1116 1136 1365 1200 spiritaliter
1397 1135 1562 1182 intelli-

186 1209 325 1269 genda
337 1219 437 1254 sunt
451 1245 462 1265 ‚
483 1219 595 1254 recte
614 1208 679 1254 lex
692 1209 854 1255 dicitur
871 1208 1074 1271 spiritalis
1092 1225 1102 1252 ε
1120 1206 1134 1269 )
1158 1217 1313 1252 caetera
1330 1216 1443 1251 certe
1460 1223 1560 1269 quae

187 1278 243 1325 ad
261 1279 465 1342 pietatem
479 1279 703 1343 bonosque
720 1295 857 1324 mores
878 1277 1162 1341 pertinentia,
1184 1294 1271 1322 non
1292 1275 1346 1321 ad
1373 1275 1564 1338 aliquam

187 1349 545 1410 significationem
567 1349 656 1395 ulla
676 1348 1032 1412 interpretatione
1058 1346 1280 1393 referenda
1298 1384 1308 1401 ‚
1333 1346 1406 1391 sed
1433 1362 1564 1408 pror-

188 1436 259 1466 sus
284 1429 332 1465 ut
353 1429 453 1465 sunt
477 1418 594 1465 dicta
612 1456 624 1476 ‚
644 1417 843 1465 facienda
869 1429 969 1464 sunt
996 1435 1006 1462 :
1029 1416 1229 1480 profecto
1254 1415 1372 1461 illam
1399 1416 1478 1460 Dei
1497 1414 1563 1459 le-

190 1506 315 1548 gem,
354 1504 441 1533 non
475 1488 615 1533 solum
648 1489 713 1534 illi
749 1499 856 1534 tunc
892 1487 1061 1551 populo
1085 1524 1096 1543 ,
1128 1485 1412 1532 verumetiam
1446 1501 1565 1529 nunc

191 1557 318 1604 nobis
341 1556 397 1602 ad
413 1557 724 1603 instituendam
746 1567 861 1603 recte
885 1558 1017 1603 vitam
1037 1555 1316 1601 necessariam
1336 1571 1461 1599 nemo
1478 1553 1564 1599 du-

191 1627 410 1674 bitaverit.
440 1626 486 1672 Si
506 1627 621 1672 enim
644 1627 844 1673 Christus
868 1626 995 1671 nobis
1025 1625 1205 1671 abstulit
1231 1623 1342 1669 illud
1362 1624 1568 1683 gravissi-

192 1714 316 1743 mum
335 1697 571 1743 multarum
592 1696 941 1743 observationum
958 1699 1113 1755 jugum
1131 1732 1143 1752 ‚
1167 1712 1221 1741 ne
1239 1694 1470 1740 carnaliter
1486 1694 1569 1738 cir-

194 1766 522 1823 cumcidamur,
579 1784 632 1812 ne
676 1783 884 1831 pecorum
929 1765 1127 1811 victimas
1173 1764 1445 1810 immolemus
1461 1800 1471 1819 ‚
1518 1780 1572 1808 ne

194 1837 380 1883 sabbato
400 1847 575 1900 septeno
607 1836 777 1882 dierum
804 1835 1025 1883 volumine
1045 1835 1251 1881 redeunte
1277 1835 1335 1880 al>
1365 1833 1571 1897 operibus

194 1908 324 1954 etiam
342 1907 587 1954 necessariis
609 1907 906 1970 quiescamus,
941 1917 982 1951 et
1007 1916 1161 1952 caetera
1186 1904 1464 1964 hujusmodi,
1499 1903 1573 1948 sed

197 1994 245 2024 ea
263 1977 510 2040 spiritaliter
527 1976 743 2022 intellecta
757 1987 996 2032 teneamus,
1018 1975 1277 2038 remotisque
1299 1973 1466 2019 umbris
1484 1974 1573 2031 sig-

197 2047 478 2093 nificantibus
512 2047 558 2092 in
594 2063 737 2092 rerum
769 2046 965 2109 ipsarum
1006 2062 1105 2108 quae
1135 2045 1436 2105 significantur
1476 2042 1574 2087 luce

197 2117 424 2176 vigilemus
456 2134 467 2161 ε
500 2116 717 2181 numquid
746 2127 979 2179 propterea
1006 2116 1168 2161 dicturi
1200 2131 1372 2169 sumus,
1402 2130 1489 2157 non
1521 2111 1576 2156 ad

200 2203 278 2232 nos
290 2186 504 2249 pertinere
520 2187 640 2250 quod
660 2187 872 2249 scriptum
890 2196 969 2240 est,
991 2195 1040 2229 ut
1060 2184 1249 2229 alienum
1267 2182 1576 2246 quodcumque

200 2256 420 2320 perditum
439 2257 632 2320 quisquis
650 2256 861 2302 invenerit
878 2292 889 2310 ‚
923 2254 1076 2300 reddat
1099 2254 1136 2300 ei
1157 2254 1233 2317 qui
1253 2251 1471 2316 perdidit1
1498 2268 1508 2296 :
1536 2261 1578 2296 et

203 2326 284 2371 alia
314 2326 450 2372 multa
473 2326 628 2371 similia
645 2363 655 2382 ‚
687 2325 848 2389 quibus
877 2325 949 2387 pie
978 2335 1180 2387 recteque
1200 2324 1342 2370 vivere
1363 2321 1545 2367 discitur
1560 2357 1570 2375 ,

203 2396 471 2460 maximeque
489 2396 634 2458 ipsum
659 2395 922 2455 Decalogum
939 2431 950 2450 ‚
981 2395 1057 2458 qui
1078 2394 1250 2440 duabus
1280 2393 1363 2439 illis
1391 2391 1573 2455 lapideis

204 2466 366 2512 tabulis
388 2467 635 2512 continetur
650 2503 661 2520 ‚
685 2477 859 2529 excepta
876 2465 1048 2511 sabbati
1065 2465 1362 2511 observatione
1382 2461 1546 2509 carnali
1564 2497 1576 2515 ‚

207 2553 306 2599 quae
338 2536 573 2600 spiritalem
605 2535 990 2582 sanctificationem
1025 2536 1304 2599 quietemque
1337 2533 1583 2592 significati>

215 2607 324 2662 Quis
350 2607 465 2654 enim
488 2606 606 2654 dicat
639 2624 726 2654 non
754 2606 912 2653 debere
940 2607 1166 2655 ohservare
1205 2604 1475 2652 Christianos
1495 2639 1508 2659 ,
1542 2610 1590 2647 ut

212 2680 314 2717 Levir.
331 2691 379 2721 vr,
408 2683 439 2714 3.
