1843 3190
330 245 391 290 58
749 259 786 291 s,
827 257 1071 290 mensum
1105 257 1311 289 zmscom

327 324 482 371 novari
502 361 513 379 ,
536 344 556 365 υ
578 334 709 387 atque
733 323 788 369 ad
811 323 898 369 hoc
920 323 1117 386 Apostoli
1144 323 1359 369 adhibent
1380 323 1701 379 testimonium3

329 395 405 458 qui
437 413 516 457 per
548 395 767 440 lavacrum
797 412 922 457 aquae
957 394 1191 440 Ecclesiam
1219 394 1272 439 de
1294 394 1492 453 gentibus
1514 404 1705 439 sanctam

327 466 420 511 fieri
455 465 869 527 immaculatamque
907 464 1188 519 testatur13»
1215 482 1314 510 cum
1357 464 1545 527 superbo
1581 481 1705 509 sensu

324 547 452 599 atque
472 535 663 599 perfecto
683 545 835 581 contra
867 537 1081 581 orationes
1104 536 1238 599 ipsius
1264 535 1468 581 Ecclesiae
1492 552 1585 580 suas
1606 552 1705 580 exe-

322 618 422 651 rant.
441 605 787 669 disputationes?
823 607 918 652 Hoc
937 606 1051 652 enim
1076 617 1308 669 propterea
1329 605 1510 660 dicunt,
1539 615 1588 650 ut
1606 621 1704 650 cre-

319 676 450 722 datur
469 677 668 722 Ecclesia
685 689 783 739 post
802 689 1001 723 sanctum
1019 678 1291 740 baptismum
1310 714 1320 731 ‚
1349 677 1394 722 in
1416 693 1505 739 quo
1530 677 1579 721 fit
1606 692 1705 721 om—

321 747 444 792 nium
464 747 654 792 remissio
668 760 966 810 peccatorum,
984 748 1162 793 ulterius
1175 765 1262 792 non
1276 747 1439 792 habere
1452 756 1701 810 peccatum:

323 834 424 862 cum
445 817 648 863 adversus
667 835 736 862 eos
760 818 834 863 illa
858 837 880 864 a
898 818 997 864 solis
1023 828 1121 863 ortu
1149 834 1285 880 usque
1310 817 1364 862 ad
1393 833 1594 862 occasum
1613 833 1704 860 om-

322 887 453 931 nibus
478 887 564 932 suis
597 888 803 932 membris
847 888 1005 933 clamet
1038 888 1093 932 ad
1130 892 1271 932 Deum
1291 923 1302 941 ‚
1331 887 1554 932 «Dimitte
1576 885 1705 931 nobis

315 979 336 999 »
356 957 503 1003 debita
539 969 685 1002 nostra
699 958 731 1005 2.
765 982 783 999 »
811 958 931 1014 Quid
950 958 1070 1020 quod
1108 958 1240 1003 etiam
1260 957 1314 1003 de
1341 975 1383 1003 se
1418 957 1523 1020 ipsis
1548 957 1592 1001 in
1617 956 1703 1002 hac

323 1044 452 1073 causa
477 1028 511 1073 si
538 1028 872 1087 interrogentur,
899 1029 1006 1092 quid
1028 1028 1318 1092 respondeant
1337 1046 1425 1074 non
1445 1027 1703 1072 inveniunt?

324 1098 369 1142 Si
395 1099 506 1142 enim
531 1097 716 1143 dixerint
733 1116 775 1144 se
798 1116 885 1143 non
910 1098 1073 1144 hahere
1093 1109 1322 1162 peccatum
1351 1115 1361 1142 ε
1391 1097 1624 1159 respondet
1645 1097 1703 1141 eis

322 1168 511 1213 Joannes
531 1205 540 1219 ,
566 1168 685 1230 quod
710 1186 752 1213 se
771 1169 886 1231 ipsos
905 1168 1126 1232 decipiant
1148 1206 1159 1224 ‚
1195 1179 1236 1213 et
1260 1168 1417 1214 veritas
1451 1168 1495 1213 in
1519 1167 1578 1212 eis
1613 1184 1702 1212 non

323 1237 377 1282 sit
399 1237 430 1283 3.
458 1238 503 1283 Si
527 1249 666 1283 autem
687 1240 951 1284 confitentur
974 1250 1153 1302 peccata
1172 1256 1272 1291 sua;
1295 1256 1393 1284 cum
1408 1256 1449 1284 se
1461 1238 1595 1284 velint
1616 1254 1701 1283 esse

322 1306 487 1352 Christi
511 1309 706 1370 corporis
728 1310 943 1364 membra,
968 1309 1190 1371 quomodo
1216 1309 1296 1355 erit
1321 1309 1430 1354 illud
1454 1325 1635 1371 corpus.
1654 1306 1701 1353 id

323 1388 402 1434 est,
433 1378 647 1434 Ecclesia,
675 1380 720 1424 in
744 1381 824 1425 isto
850 1379 1000 1426 adbuc
1027 1391 1224 1443 tempore
1247 1379 1435 1443 perfecte
1454 1417 1464 1435 ,
1497 1380 1609 1424 sicut
1632 1378 1703 1424 isti

321 1449 514 1510 sapiunt,
539 1449 627 1493 sinc
653 1450 822 1499 macula
847 1461 889 1495 et
917 1467 1048 1509 ruga.
1079 1454 1205 1509 cujus
1234 1451 1429 1494 membra
1462 1466 1550 1494 non
1574 1465 1700 1493 men-

322 1517 487 1562 daciter
505 1519 771 1564 confitentur
797 1537 837 1564 sc
861 1520 1021 1565 habere
1043 1523 1252 1583 peccata?
1280 1520 1566 1582 Quapropter
1591 1529 1633 1564 et
1653 1519 1699 1564 in

321 1587 582 1650 baptismate
608 1588 892 1634 dimittuntur
918 1601 1077 1635 cuncta
1107 1601 1289 1653 peccata
1312 1626 1322 1644 ‚
1361 1602 1401 1633 et
1439 1607 1517 1652 per
1554 1590 1700 1652 ipsum

319 1657 543 1703 lavacrum
567 1674 693 1720 aquae
716 1659 760 1704 in
787 1659 919 1705 verbo
943 1659 1172 1704 exhibetur
1191 1659 1368 1704 Christo
1390 1659 1582 1704 Ecclesia
1606 1659 1696 1704 sine

320 1727 492 1773 macula
515 1738 556 1772 et
579 1746 683 1788 ruga
700 1729 732 1776 Δ.
765 1730 881 1785 Quia
906 1731 986 1775 nisi
1021 1742 1125 1776 esset
1155 1731 1375 1793 baptizata
1393 1768 1403 1785 ‚
1430 1730 1697 1776 infructuose

320 1797 511 1852 diceret,
543 1819 562 1838 «
585 1799 769 1844 Dimitte
795 1800 920 1845 nobis
945 1800 1091 1846 debita
1123 1811 1291 1846 nostra:
1310 1822 1331 1842 2>
1353 1801 1492 1846 donec
1528 1800 1697 1864 perdu-

321 1879 446 1913 catur
470 1867 526 1913 ad
550 1868 731 1928 gloriam
746 1906 757 1925 ‚
780 1870 858 1916 ubi
875 1871 910 1916 ei
929 1871 1164 1934 perfectius
1192 1871 1312 1917 nulla
1331 1872 1434 1917 insit
1462 1871 1632 1918 macula
1656 1881 1699 1917 et

320 1956 441 1998 ruga.

380 2010 546 2056 XVIII.
589 2031 609 2051 (ι
630 2012 687 2056 Et
723 2011 941 2074 Spiritum
978 2023 1176 2058 sanctum
1213 2013 1439 2058 fatendum
1470 2024 1532 2058 est
1566 2013 1696 2058 etiam

320 2080 510 2142 antiquis
530 2082 800 2144 temporibus
818 2101 905 2128 non
919 2083 1056 2129 solum
1082 2095 1242 2129 mentes
1259 2084 1395 2129 bonas
1422 2084 1635 2143 adjuvisse
1650 2121 1660 2139 ‚
1675 2105 1695 2126 n

318 2150 436 2212 quod
457 2161 497 2195 et
519 2151 587 2196 isti
612 2152 790 2206 volunt3
817 2170 965 2199 verum
992 2155 1120 2199 etiam
1139 2156 1277 2199 bonas
1294 2171 1364 2199 eas
1387 2154 1557 2209 fecisse,
1575 2153 1695 2217 quod

316 2220 486 2266 nolunt.
507 2222 706 2267 «Omnes
724 2240 898 2286 quoque
925 2225 1169 2288 Prophetas
1193 2236 1234 2270 et
1260 2224 1485 2287 Apostolos
1497 2224 1563 2270 vel
1574 2241 1694 2269 sanc-

316 2300 428 2335 toset
447 2291 727 2350 Evangelicos
753 2303 793 2337 et
813 2294 1011 2356 antiquos
1027 2332 1038 2350 ‚
1060 2296 1222 2358 quibus
1258 2297 1373 2339 Deus
1397 2295 1693 2340 testimonium

313 2359 520 2422 perhibet
538 2397 548 2408 .
570 2378 656 2405 non
679 2362 722 2407 in
743 2365 1070 2426 comparatione
1085 2365 1390 2410 sceleratorum
1410 2402 1420 2420 ‚
1453 2364 1525 2409 sed
1547 2365 1694 2424 regula

313 2430 681 2488 virtutumjssstos
698 2431 825 2477 fuisse
845 2470 854 2487 ‚
886 2455 904 2474 »
929 2451 1016 2479 non
1040 2434 1226 2479 dubium
1253 2445 1344 2486 est:
1375 2433 1496 2496 quod
1533 2434 1692 2479 adver-
1738 2451 1741 2452 ⁷

313 2516 407 2546 sum
431 2511 493 2557 est
509 2501 792 2561 Manichaeis,
810 2504 887 2566 qui
905 2504 1185 2564 Pati'iarchas
1209 2504 1541 2568 Prophetasque
1567 2505 1690 2552 blas-

359 2581 504 2626 ¹Ephes.
519 2593 551 2627 v,
571 2585 627 2618 26.
646 2602 688 2609 —
706 2583 722 2606 2
739 2585 860 2621 Matth.
876 2596 922 2626 v1,
941 2598 993 2618 xa·
1010 2604 1053 2610 —
1067 2584 1081 2610 3
1103 2598 1115 2617 1
1135 2589 1230 2621 Joan.
1249 2599 1277 2626 1,
1297 2589 1330 2621 8.
1352 2606 1395 2612 -
1414 2584 1427 2609 4
1443 2590 1557 2631 EP7es.
1574 2599 1611 2630 v,
1628 2598 1685 2629 27.
