1843 3190
248 350 422 381 CONTRA
455 349 681 382 Jt‘LtANUM
716 349 1022 389 I’ELAGIANUM,
1062 349 1149 379 Llss.
1193 348 1242 379 11.
1337 332 1419 378 181

54 415 189 461 micos
207 416 336 461 etiam
369 433 444 461 vos
470 428 572 461 tunc
596 415 791 461 nondum
826 425 967 468 natos,
988 412 1103 458 unde
1120 429 1237 458 nuuc
1258 412 1426 457 revela-

55 484 178 540 mini,
210 486 472 547 apertissime
490 503 538 530 ac
552 485 782 530 fortissime
802 483 1101 529 defenderunt.
1129 480 1308 526 Talibus
1326 491 1427 543 post

58 555 284 616 Apostolos
323 567 466 600 sancta
510 555 702 600 Ecclesia
743 554 1062 617 plantatoribus
1077 589 1088 607 ,
1138 551 1423 611 rigatoribus,

56 623 412 680 aetlificatoribus‚
429 625 696 687 pastoribus,
722 623 1010 669 nutritoribus
1032 621 1182 667 crevit.
1209 620 1311 665 Ideo
1327 636 1428 682 pro-

55 693 177 738 fanas
196 711 323 739 voces
360 706 512 739 vestr-(e
548 695 750 740 novitatis
777 693 968 756 exp-avim
996 702 1036 736 et
1059 701 1183 736 cauta
1206 707 1254 735 ac
1285 689 1432 734 sobria

56 778 102 806 ex
120 761 411 808 admonitione
432 764 684 827 apostolica,
711 781 765 808 ne
784 764 896 808 sicut
915 778 1087 824 serpens
1108 761 1241 805 Evam
1265 758 1433 804 seduxit

0 859 1 862 =
58 833 210 876 astutia
234 850 308 878 sua
321 833 357 889 ⁴¹,
389 835 449 879 sic
473 845 513 879 et
535 852 652 879 mens
671 838 762 894 ejus
800 842 1152 894 corrumperetur
1172 848 1195 875 a
1218 829 1430 884 castitate,

56 919 155 965 quae
178 914 239 948 est
275 904 319 948 in
343 905 548 961 Christo,
588 905 817 951 catholicae
858 903 960 948 fidei
991 902 1236 961 virginitate
1257 899 1435 945 insidias

57 974 185 1018 vestri
209 973 421 1033 dogmatis
445 977 716 1039 subrepentis
736 974 984 1026 exhorruit3
1011 983 1052 1017 et
1071 983 1277 1033 tanquam
1302 979 1438 1032 caput

59 1042 233 1088 colubri
257 1044 463 1101 calcavit,
490 1047 690 1102 obtrivit,
727 1045 901 1105 abjecit.
941 1044 1019 1088 His
1041 1043 1174 1101 igitur
1196 1040 1375 1102 eloquiis
1396 1049 1438 1084 et

59 1122 176 1157 tanta
209 1115 463 1160 auctoritate
495 1127 765 1170 sanctorum,
793 1113 989 1177 profecto
1012 1123 1085 1157 aut
1110 1110 1327 1156 sanaberis
1354 1108 1439 1155 Dei

59 1182 354 1228 misericordia
378 1184 592 1241 donante,
621 1184 742 1248 quod
778 1193 990 1246 quantum
1019 1181 1098 1226 tibi
1126 1190 1292 1242 optem,
1313 1177 1438 1224 videt

0 1303 2 1317 ζ
59 1252 136 1315 qui
166 1252 298 1298 faciat
322 1271 332 1298 :
377 1265 451 1299 aut
477 1256 527 1311 si,
566 1254 688 1318 quod
721 1254 968 1307 abominor,
990 1252 1036 1297 in
1060 1250 1209 1295 eadem
1232 1265 1331 1312 quae
1357 1247 1441 1293 tibi

7 1370 9 1380 ⁴
60 1321 232 1367 videtur
244 1324 469 1386 sapientia,
488 1336 529 1370 et
542 1337 603 1370 est
621 1342 775 1385 magna
792 1323 992 1373 stultitia,
1010 1319 1329 1384 perduraveris,
1349 1334 1438 1363 non

0 1405 11 1454 ᾗ4
64 1402 108 1436 tu
122 1392 290 1451 judices
304 1395 564 1456 quaesiturus
577 1413 636 1448 es,
651 1395 728 1440 ubi
746 1411 919 1439 causam
936 1403 1051 1438 tuam
1069 1406 1249 1453 purges,
1267 1387 1340 1433 sed
1360 1386 1440 1432 ubi

63 1472 126 1506 tot
150 1472 318 1507 sanctos
337 1463 537 1509 doctores
577 1464 765 1524 egregios
796 1474 924 1525 atque
953 1458 1257 1506 memorabiles
1283 1457 1442 1503 catho-

4 1559 9 1571 ι
61 1531 157 1576 licae
180 1533 368 1578 veritatis
393 1551 580 1589 accuses,
615 1536 850 1587 lrenaeum,
881 1530 1175 1595 Cyprianum,
1197 1527 1436 1580 Reticium,

2 1615 10 1638 ὲ
66 1600 353 1663 Olympium,
382 1603 599 1648 Hilarium
617 1640 627 1659 ,
664 1602 948 1662 Gregorium,
985 1598 1219 1649 Basilium‚
1249 1595 1442 1642 Ambro-

7 1693 13 1710 1
64 1671 192 1725 sium,
213 1671 237 1715 J
243 1687 446 1728 oannem,
469 1672 793 1726 Innocentium,
817 1672 1155 1732 Hieronymum,
1178 1677 1445 1727 caeterosque

9 1761 16 1809 ,ἰ
65 1740 202 1784 socios
225 1757 275 1785 ac
298 1742 534 1806 participes
553 1759 702 1787 eorum
717 1778 726 1796 ,
755 1741 930 1804 insuper
953 1750 994 1784 et
1014 1737 1258 1783 universam
1278 1731 1445 1778 Christi

13 1867 16 1871 .
66 1810 321 1867 Ecclesiam,
342 1812 415 1857 eui
431 1812 591 1858 divinae
613 1811 791 1856 familiae
820 1809 1051 1855 Dominica
1074 1805 1238 1851 cibaria
1258 1802 1446 1848 fideliter

11 1892 17 1945 ζ
65 1880 376 1939 ministranteS,
398 1883 562 1942 ingenti
587 1883 633 1928 in
673 1881 862 1927 Domino
882 1880 1017 1940 gloria
1041 1877 1311 1922 claruerunt.
1349 1872 1447 1918 Ad-

65 1965 211 1994 versus
232 1950 349 1996 hanc
371 1963 509 1997 autem
537 1951 845 2007 miserabilem,
872 1966 1006 2014 quam
1039 1949 1156 1991 Deus
1176 1963 1198 1990 a
1215 1956 1256 1990 te
1280 1951 1447 1989 avertat

14 2054 18 2087 ζ
65 2019 296 2077 insaniam,
324 2039 368 2068 sc
386 2022 740 2086 respondendum
752 2039 838 2067 esse
851 2020 978 2067 video
999 2019 1123 2066 libris
1143 2016 1244 2071 tuiS,
1275 2024 1324 2059 ut
1340 2011 1447 2057 fides

15 2099 21 2105 ”
68 2107 242 2154 quoque
263 2092 465 2139 adversus
485 2105 525 2139 te
540 2093 796 2139 defendatur
814 2093 1020 2145 istorum3
1052 2091 1164 2136 sieut
1184 2095 1334 2133 contra
1356 2083 1447 2128 im-

67 2163 162 2223 pios
177 2173 219 2207 et
240 2163 407 2209 Christi
432 2163 644 2227 professos
667 2163 866 2209 inimicos
891 2164 1020 2208 etiam
1032 2162 1177 2225 ipsum
1198 2153 1446 2202 defenditur

21 2280 23 2284 ,
72 2232 367 2293 Evangelium.

117 2329 129 2351 ¹
152 2342 169 2360 2
189 2331 266 2363 Cor.
286 2341 331 2366 xx,
349 2333 380 2361 3.
