1843 3190
281 273 375 323 238
699 285 734 321 S.
778 278 1020 320 Avensa-tm
1053 274 1258 319 EPiS‘COf’i

282 355 473 402 frenetur
503 350 700 401 occidit?
730 355 843 401 Ecce
873 371 950 415 ego
984 366 1089 400 voce
1109 366 1195 416 qua
1217 359 1418 416 possum,
1449 348 1569 415 quod
1589 357 1656 397 ine

284 443 439 486 negare
459 425 604 471 asseris
629 424 795 478 clamo;
826 423 1133 487 Apostolorum
1162 422 1374 482 legionem
1396 427 1658 486 repugnasse

285 495 487 551 libidini,
514 494 665 558 utique
689 494 950 558 repugnanti
970 506 980 539 ε
1007 503 1052 539 tu
1076 493 1151 556 qui
1176 510 1253 538 nos
1278 492 1423 538 fecisse
1445 490 1660 555 Apostolis

287 565 564 612 calumniaris
583 574 625 610 et
647 565 766 611 Velut
790 564 1028 625 indignaris
1058 562 1265 623 injuriam
1281 598 1292 619 ,
1321 570 1398 609 cur
1421 569 1461 608 et
1485 561 1662 607 illorum

290 639 332 683 et
351 643 469 683 tuam
490 653 664 682 exornas
680 630 885 682 laudibus
907 635 1160 681 inimicam?
1183 633 1291 690 Quis
1311 650 1403 678 eam
1432 625 1660 686 defendat,

292 708 363 753 cui
393 700 503 767 legio
537 706 795 769 repugnavit
827 700 1136 769 Apostolorum
1154 741 1166 761 ‚
1195 703 1276 749 nisi
1307 703 1442 749 hostis
1473 696 1666 766 Aposto-

292 777 434 823 lorum
448 780 464 822 Ξ)
1186 835 1187 839 ¹

357 843 514 893 LXVI.
556 842 697 891 Ita-ne
728 844 893 892 habere
915 850 1060 891 tecum
1079 841 1221 890 libido·
1245 851 1286 890 et
1310 843 1545 905 amicitiam
1573 860 1668 889 me-

293 927 411 964 retur
433 927 475 963 et
491 915 659 984 *bellum
673 954 684 973 ‚
713 919 760 962 ut
789 917 865 962 abs
887 927 927 962 te
946 926 988 962 et
1005 927 1272 980 expugnetur
1296 916 1342 961 in
1367 927 1408 961 te
1426 953 1437 971 ‚
1460 926 1501 961 et
1519 907 1670 961 defen-

296 988 426 1034 datur
444 985 647 1033 adversus
664 986 941 1033 mePBellum
956 997 1147 1033 vestrum
1162 986 1266 1032 latet
1282 1024 1293 1044 ,
1316 986 1505 1032 amicitia
1519 988 1639 1050 patet
1657 1003 1668 1047 ς

299 1075 346 1103 ex
364 1056 452 1105 hoc
470 1055 590 1121 quod
602 1067 723 1120 patet
736 1094 746 1113 ‚
773 1065 1023 1123 suspectum
1042 1056 1149 1102 facis
1169 1074 1253 1102 esse
1274 1056 1394 1120 quod
1411 1056 1528 1103 latet.
1554 1053 1674 1113 Quid

300 1127 416 1173 enim
439 1127 502 1173 vis
522 1126 748 1173 credamus
773 1126 826 1173 'cle
844 1126 959 1173 bello
980 1126 1098 1190 quod
1125 1127 1269 1187 geritis
1287 1129 1330 1173 in
1356 1138 1506 1191 operto
1522 1165 1532 1183 ‚
1560 1143 1675 1190 quo-

301 1214 398 1244 rum
427 1197 663 1243 amicitiam
686 1198 902 1243 cernimus
923 1197 969 1243 iu
990 1200 1168 1261 aperto?
1192 1198 1426 1254 Quomodo
1449 1197 1514 1243 vis
1537 1207 1585 1243 ut
1607 1214 1677 1242 ar-

303 1270 517 1316 bitremur
552 1267 753 1314 adversus
791 1267 990 1314 aculeum
1014 1278 1055 1314 te
1078 1268 1285 1315 dimicare
1318 1264 1538 1325 libidinis,
1577 1284 1678 1313 cum

303 1339 438 1385 libros
471 1338 650 1402 impleas
676 1331 806 1384 laude
828 1338 1055 1384 lihidinis?
1075 1338 1236 1384 Verum
1261 1356 1361 1385 ecce
1382 1339 1510 1385 vinco
1535 1338 1680 1402 suspi-

303 1411 472 1457 cionem
489 1422 628 1456 meam
649 1426 660 1454 :
684 1418 927 1473 expugnare
950 1419 991 1455 te
1008 1408 1138 1456 credo
1158 1409 1278 1474 quod
1291 1408 1465 1466 laudas;
1490 1409 1564 1455 sed
1582 1408 1683 1455 lau-

306 1480 408 1527 dare
427 1491 469 1526 te
498 1478 623 1526 doleo
647 1478 768 1543 quod
790 1490 1022 1545 expugnas.
1065 1481 1127 1525 Ex
1154 1475 1236 1526 isto
1259 1480 1391 1541 igitur
1413 1482 1455 1527 et
1478 1496 1579 1526 cum
1600 1479 1681 1526 isto

306 1551 421 1599 malo
438 1589 449 1609 ‚
469 1549 589 1614 quod
612 1568 636 1596 a
659 1560 701 1596 te
723 1563 899 1615 quoque
920 1550 1135 1597 credimus
1157 1551 1425 1615 expugnari,
1452 1550 1587 1596 homo
1607 1567 1683 1610 ge-

306 1633 500 1679 neratur,
538 1636 669 1685 quem
705 1639 832 1682 negas
871 1622 1190 1682 regeneratione
1227 1621 1396 1669 salvari.
1439 1622 1528 1667 Isto
1569 1620 1683 1667 enim

309 1692 649 1755 conjugatibene
664 1701 864 1749 utuntur,
887 1709 975 1757 quo
997 1693 1264 1738 continentes
1286 1691 1438 1738 melius
1452 1709 1540 1745 non
1555 1702 1685 1738 utun-

309 1774 394 1811 tur.
421 1764 560 1808 Porro
584 1762 617 1807 si
637 1761 801 1808 malum
826 1772 913 1819 est,
943 1779 1030 1826 quo
1064 1779 1165 1808 caro
1190 1762 1463 1826 concupiscit
1483 1761 1685 1808 adversus

307 1834 511 1899 spiritum
524 1870 535 1889 ,
558 1832 628 1878 cui
649 1832 764 1878 malo
777 1869 789 1889 ‚
819 1833 932 1879 sicut
951 1833 1095 1879 fateris
1115 1870 1126 1889 ‚
1154 1833 1464 1897 Apostolorum
1484 1833 1594 1894 legio
1611 1849 1683 1878 re·-

308 1904 549 1970 pugnavit3
569 1902 659 1948 hoc
676 1912 842 1949 utentes
865 1903 1086 1964 conjugati
1104 1941 1114 1958 ,
1135 1903 1292 1967 procul
1310 1903 1446 1949 dubio
1463 1921 1550 1949 non
1564 1903 1683 1949 bono

307 1977 418 2022 bene
441 1983 642 2029 utuntur,
669 1972 741 2019 sed
777 1973 904 2020 malo.
946 1975 1007 2019 Ex
1029 1974 1116 2019 hoc
1141 1973 1273 2033 igitur
1302 1983 1344 2019 et
1365 1991 1467 2019 cum
1495 1974 1582 2019 hoc
1606 1973 1685 2019 filii

309 2044 498 2107 generati
530 2043 810 2104 regenerandi
843 2054 972 2101 sunt,
1012 2054 1061 2089 ut
1094 2042 1337 2090 liberentur
1365 2062 1389 2089 a
1421 2044 1553 2096 maIO.
1587 2044 1684 2090 Hoc

309 2117 422 2162 enim
439 2113 638 2175 originali
659 2113 774 2160 malo
797 2114 926 2160 etiam
946 2124 1145 2178 parentes
1169 2113 1344 2160 illorum
1367 2114 1427 2159 rei
1445 2114 1536 2160 nati
1554 2124 1653 2159 sunt
1668 2150 1681 2171 ,

309 2187 386 2234 etsi
409 2187 464 2232 ab
488 2185 576 2231 hoc
609 2194 731 2230 reatu
763 2185 1028 2231 renascendo
1057 2196 1157 2230 sunt
1180 2184 1366 2232 liberati.
1393 2184 1513 2242 Quid
1543 2195 1683 2230 autem

309 2254 514 2304 vellemus
539 2266 587 2301 ut
621 2255 869 2315 gignerent,
892 2274 981 2302 non
1018 2256 1133 2302 unde
1163 2256 1325 2312 renati,
1359 2256 1432 2301 sed
1454 2255 1568 2301 unde
1593 2255 1684 2301 nati

311 2338 412 2374 sunt
427 2363 438 2383 9
461 2326 542 2371 nisi
560 2325 679 2388 quod
698 2335 738 2370 et
757 2325 842 2388 ipsi
866 2327 955 2371 nati
972 2329 1099 2371 sunt?
1121 2327 1234 2370 Reos
1257 2341 1357 2384 ergo
1382 2342 1392 2369 ε
1419 2325 1521 2388 quia
1539 2335 1581 2370 et
1600 2325 1683 2387 ipsi

312 2399 371 2445 rei
394 2397 509 2454 nati,
530 2406 572 2441 et
585 2406 832 2456 generantes
852 2397 953 2442 inde
973 2397 1089 2442 unde
1107 2396 1196 2441 nati
1215 2406 1339 2452 sunt,
1360 2412 1449 2440 non
1469 2395 1587 2441 aliud
1605 2413 1683 2458 po-

311 2477 487 2514 tuerunt
519 2481 718 2526 generare
741 2482 874 2528 quam
900 2466 991 2511 nati
1024 2476 1137 2511 sunt.
1181 2464 1307 2510 Unde
1345 2476 1487 2511 autem
1517 2466 1678 2521 renati,

308 2538 409 2585 inde
435 2555 458 2583 a
480 2546 602 2582 reatu
629 2551 729 2580 cum
757 2552 844 2598 quo
877 2536 967 2580 nati
992 2546 1093 2580 sunt
1115 2535 1301 2581 liberati.
1334 2536 1396 2580 Ac
1428 2552 1505 2598 per
1530 2535 1616 2580 hoc
1641 2545 1683 2580 et

307 2609 369 2654 illi
389 2624 496 2671 quos
515 2623 607 2651 reos
622 2604 792 2650 liberati
817 2616 1127 2664 generaverunt
1146 2643 1157 2663 ‚
1182 2604 1332 2651 eadem
1350 2616 1449 2652 sunt
1464 2622 1682 2665 regenera-

1789 742 1792 789 ἐ

1789 793 1793 821 ι

1790 832 1794 894 l

1792 897 1794 926 ι

1793 1005 1797 1095 ,ἒ

1829 383 1839 428 γὴν-4
1838 314 1841 317 ,

1832 470 1843 640 5⁴5„ss
