1843 3190
288 234 381 291 488
714 251 750 281 s.
790 249 1033 280 Anovsrim
1068 249 1271 279 EPJSCOPI

290 317 406 361 tione
438 332 524 361 esse
560 314 794 377 poscenda.
841 313 973 371 Quod
1005 314 1154 376 utique
1190 313 1419 360 vanissime
1442 314 1562 359 fieret
1582 351 1593 369 ‚
1631 313 1666 359 si

292 384 347 430 ad
373 384 445 430 ilia
482 383 644 444 agenda
679 385 768 429 sine
802 383 950 429 divino
983 383 1198 442 adjutorio
1239 383 1439 429 voluntas
1470 383 1666 429 humana

290 455 514 501 sufficeret.

352 526 535 571 XXVII.
573 524 655 570 Sed
681 541 781 570 cum
821 524 981 570 fuerint
1016 525 1238 581 convicti,
1273 542 1360 570 non
1388 523 1635 570 defensores
1654 561 1665 582 ,

287 595 360 640 sed
383 595 604 640 inflatores
627 606 669 640 et
689 595 1032 658 praecipitatores
1055 595 1180 641 liberi
1202 595 1386 645 arbitrii,
1407 595 1508 658 quia
1528 611 1666 657 neque

285 666 463 711 scicntia
485 665 645 710 divinae
673 665 776 724 legis
793 702 803 719 ‚
824 682 962 729 neque
988 677 1144 711 natura
1165 703 1175 721 ‚
1204 682 1343 728 neque
1362 664 1451 710 sola
1476 665 1666 710 remissio

285 746 565 798 peccatorum
583 746 644 779 est
661 734 735 779 illa
756 735 891 794 gratia
910 773 918 789 .
934 753 1034 798 quae
1051 753 1130 798 per
1152 737 1297 781 Jesum
1322 735 1547 780 Christum
1570 736 1667 779 Do-

286 806 456 850 minum
473 815 669 851 nostrum
692 804 822 850 datur
838 839 848 859 ,
870 805 942 852 sed
959 807 1053 868 ipsa
1076 805 1178 851 facit
1203 816 1250 850 ut
1267 806 1330 850 lex
1349 805 1599 868 impleatur,
1620 813 1668 848 ut.

284 886 438 921 natura
458 875 689 928 liberetur,
715 891 767 920 ne
787 887 1018 939 peccatum
1038 875 1284 921 dominetur
1308 893 1319 920 :
1358 892 1461 921 cum
1486 891 1586 933 ergo
1611 873 1658 918 in

285 944 356 990 his
370 945 560 990 convicti
577 944 758 1001 fuerint,
778 945 833 991 ad
853 946 940 991 hoc
961 963 1002 991 se
1017 956 1296 1001 convertunt,
1318 956 1367 991 ut
1385 960 1665 1008 quocumque

286 1014 418 1060 modo
442 1025 656 1060 conentur
679 1015 905 1061 ostendere
927 1016 1107 1076 gratiam
1134 1017 1212 1062 Dei
1245 1015 1486 1062 secundum
1516 1015 1670 1059 merita

285 1095 432 1131 nostra
455 1084 564 1131 dari.
595 1085 759 1131 Dicunt
789 1087 932 1143 enim,
978 1108 997 1128 a
1020 1087 1113 1133 Etsi
1139 1105 1225 1133 non
1264 1087 1395 1132 datur
1429 1082 1670 1130 secundum

285 1156 438 1201 merita
457 1155 676 1220 bonorum
696 1173 895 1219 operum,
911 1157 1013 1220 quia
1036 1174 1114 1220 per
1133 1158 1271 1220 ipsam
1293 1158 1402 1202 bene
1416 1171 1668 1219 operamur3

288 1235 433 1270 tamen
466 1225 703 1271 secundum
739 1227 889 1273 merita
929 1228 1059 1273 bonae
1091 1227 1327 1273 voluntatis
1369 1226 1536 1272 datur:
1567 1224 1671 1287 quia

287 1294 405 1339 bona
423 1294 646 1351 voluutas,
670 1296 907 1359 inquiunt,
936 1297 1149 1360 praecedit
1176 1297 1337 1343 orantis
1357 1332 1367 1352 ,
1391 1312 1522 1358 quam
1548 1310 1670 1357 prae-

288 1365 412 1411 cessit
428 1365 627 1412 voluntas
647 1367 875 1418 credentis,
897 1379 946 1414 ut
970 1368 1212 1415 secundum
1233 1369 1334 1413 haec
1362 1367 1515 1412 merita
1536 1366 1671 1425 gratia

294 1437 499 1499 sequatur
518 1436 782 1483 exaudientis
802 1439 896 1485 Dei.

352 1505 565 1552 XXVIII.
594 1506 693 1552 Jam
715 1507 893 1570 quidem
913 1507 967 1554 de
992 1508 1078 1554 fide
1095 1546 1106 1565 ‚
1143 1509 1229 1554 hoc
1250 1519 1335 1564 est,
1376 1507 1429 1553 de
1448 1505 1673 1552 voluntate

288 1574 501 1621 credentis
526 1577 724 1639 superius
747 1577 998 1641 disputavi,
1027 1596 1162 1643 usque
1188 1579 1295 1624 adeo
1332 1595 1425 1624 eam
1464 1576 1672 1621 demons-

290 1655 407 1691 trans
435 1645 489 1691 ad
523 1647 702 1705 gratiam
736 1649 951 1710 pertinere
970 1685 980 1705 ‚
1017 1659 1064 1694 ut
1102 1649 1333 1712 Apostolus
1357 1664 1443 1693 non
1472 1645 1668 1699 diceret,

293 1714 636 1761 Misericordiam
668 1729 927 1764 consecutus
952 1735 1046 1764 sum
1069 1756 1079 1774 ,
1114 1720 1216 1781 quia
1241 1717 1379 1763 fidelis
1415 1733 1568 1768 eram-3
1599 1713 1673 1759 scd

293 1784 484 1841 diceret,
514 1786 890 1833 «Misericordiam
912 1799 1171 1834 consecutus
1206 1805 1300 1832 sum
1322 1824 1332 1843 ‚
1375 1798 1422 1831 ut
1441 1784 1580 1830 fidelis
1604 1800 1674 1829 es-

291 1876 307 1896 »
325 1871 411 1899 sem
424 1853 457 1901 1.
475 1876 495 1896 υ
519 1859 628 1902 Sunt
644 1867 685 1901 et
709 1856 792 1902 alia
810 1859 1056 1904 testimonia
1072 1896 1083 1914 ‚
1108 1860 1152 1904 in
1173 1859 1335 1922 quibus
1352 1867 1414 1902 est
1436 1854 1555 1919 quod
1580 1855 1639 1899 ait
1661 1890 1674 1911 ,

293 1944 310 1966 v
325 1924 473 1987 Sapite
483 1925 536 1970 ad
549 1928 875 1989 temperantiam
886 1965 896 1984 ,
911 1929 1024 1974 sicut
1042 1929 1277 1991 unicuique
1290 1929 1404 1972 Deus
1417 1925 1676 1989 partitusest

295 2011 568 2041 »mensuram
585 1996 763 2044 fidei2.»
780 1998 965 2062 thuod
980 2003 1071 2059 jam
1093 1997 1429 2045 commemoravi
1449 2014 1457 2040 :
1480 2017 1499 2036 «
1523 1993 1674 2040 Gratia

293 2087 315 2107 ›>
329 2065 435 2111 salvi
455 2065 557 2111 facti
580 2067 677 2113 estis
698 2086 775 2130 per
797 2069 928 2114 fidem
944 2107 954 2123 ,
983 2081 1025 2115 et
1046 2070 1131 2115 hoc
1151 2087 1237 2114 non
1258 2086 1306 2114 ex
1331 2066 1456 2113 vobis
1474 2103 1485 2122 ,
1503 2065 1573 2111 sed
1597 2065 1675 2109 Dei

295 2135 497 2181 »donum
516 2147 576 2182 est
590 2137 654 2184 3.»
677 2139 732 2183 Et
757 2138 866 2184 illud
885 2140 1006 2204 quod
1030 2140 1202 2203 scripsit
1219 2138 1273 2184 ad
1297 2137 1522 2201 Ephesios,
1539 2156 1558 2175 (ε
1586 2137 1672 2179 Pax

296 2205 539 2252 »fratribus
563 2218 605 2252 et
637 2209 830 2255 charitas
851 2227 951 2255 cum
976 2210 1062 2255 fide
1099 2229 1121 2257 a
1148 2211 1236 2255 Deo
1262 2210 1392 2254 Patre
1419 2217 1461 2251 et
1490 2205 1674 2250 Domino

297 2278 432 2323 »Jesu
458 2277 635 2324 Christo
647 2278 680 2326 4.
709 2299 729 2319 ν
758 2281 812 2325 Et
835 2280 945 2326 illud
961 2318 971 2336 ‚
996 2281 1072 2326 ubi
1097 2281 1216 2335 ait‚«
1243 2279 1361 2339 Quia
1388 2277 1514 2323 vobis
1533 2276 1675 2321 dona-

298 2357 428 2392 »tum
446 2358 507 2392 est
524 2366 606 2411 pro
639 2350 931 2406 Christo‚non
958 2352 1098 2397 solum
1126 2363 1174 2397 ut
1201 2349 1439 2396 credatisin
1464 2364 1581 2398 eum,
1599 2363 1676 2391 ve-

297 2417 559 2465 »rumetiam
574 2430 622 2465 ut
643 2421 871 2482 patiamini
888 2439 969 2486 pro
993 2439 1042 2468 eo
1057 2422 1089 2470 ⁵.
1102 2423 1382 2483 »Utrumque
1401 2434 1500 2478 ergo
1520 2415 1575 2462 ad
1596 2416 1676 2462 Dei

344 2516 355 2539 ¹
375 2527 389 2547 1
410 2517 484 2548 Cor.
507 2527 565 2549 vu.
584 2518 638 2550 25.
654 2535 698 2543 —
718 2516 733 2540 2
749 2521 844 2553 Rom.
859 2530 921 2558 ΧΠ,
939 2522 969 2554 3.
990 2538 1034 2545 -
1048 2517 1063 2542 3
1080 2519 1196 2563 Ephes
1215 2530 1257 2559 ιι,
1275 2520 1306 2553 8.
1325 2536 1368 2543 —
1391 2515 1407 2540 ⁴
1424 2515 1472 2550 Id.
1490 2525 1537 2555 vr,
1558 2516 1615 2548 23.
1631 2533 1676 2539 —

298 2569 313 2594 5
331 2570 447 2615 Philip.
471 2582 498 2610 ι,
522 2581 577 2613 29.
