1843 3190
384 291 399 320 1
412 273 474 330 34
801 287 835 316 s.
878 280 1125 317 AUGUSTiNt
1158 283 1363 319 EPISCOPI

376 354 475 399 tatis
497 352 629 399 bonae
650 390 661 409 ‚
688 369 818 416 quam
846 352 924 397 nisi
949 355 1066 397 Deus
1092 352 1136 397 in
1167 351 1242 397 illo
1269 364 1473 416 operetur
1493 391 1504 411 ‚
1539 371 1626 400 non
1651 354 1756 400 facit
1808 409 1810 417 Ι

373 423 535 469 homo1
560 441 571 470 ε
595 424 698 487 quia
718 432 993 486 praeparatur
1015 422 1215 468 voluntas
1235 442 1257 468 a
1277 425 1482 471 Domino.

437 495 595 541 XLVI.
627 494 815 553 Sedjam
841 493 1035 538 ordinem
1062 493 1357 557 dispositionis
1381 512 1487 540 meae
1513 494 1638 540 video
1656 512 1755 557 pos-
1808 539 1809 547 ,

372 564 531 620 tulare,
563 575 611 609 ut
634 564 790 610 faciam
823 564 910 608 Deo
927 563 1139 620 donante,
1155 564 1275 627 quod
1304 565 1431 610 tertio
1451 564 1548 610 loco
1570 581 1637 610 me
1658 565 1753 610 fac-
1807 617 1810 627 .

372 645 520 680 turum
543 651 630 680 esse
651 634 858 698 promisi,
884 634 970 678 hoc
995 644 1081 690 est,
1112 644 1160 679 ut
1185 635 1511 680 catholicorum
1530 671 1540 690 ‚
1568 635 1643 697 qui
1665 634 1755 680 fue-

371 715 475 749 runt
511 715 610 750 ante
648 722 725 750 nos
745 740 755 756 ‚
805 705 1113 767 episcoporum
1162 706 1388 750 sententiis
1404 741 1415 760 ‚
1457 721 1755 767 quascumque

369 775 500 821 rebus
516 775 569 820 de
591 775 751 837 quibus
778 776 918 835 agitur
933 785 1217 832 congruentes
1244 787 1427 838 potuero
1448 776 1658 838 reperire,
1685 777 1756 820 vi-

376 854 484 889 treas
499 845 688 903 argutias
708 854 800 889 tuas
814 881 825 901 ,
847 855 889 889 et
910 844 1076 903 fragilia
1093 880 1103 900 ,
1117 845 1278 907 quibus
1295 845 1375 890 tibi
1395 844 1577 890 multum
1600 843 1757 889 videris
1806 872 1808 906 g

372 925 524 960 acutus
549 924 591 960 et
613 914 799 971 nitidus,
831 925 1083 975 argumenta
1101 914 1392 975 confringam.
1428 915 1559 971 Quod
1590 915 1646 960 ab
1670 915 1753 961 alio

375 983 674 1045 aggrediemur
696 985 886 1043 exordio,
911 985 988 1031 hic
1003 985 1126 1031 istius
1149 984 1253 1031 libri
1270 985 1517 1049 prolixitate
1533 984 1748 1031 conclusa.

425 1074 436 1097 ¹
456 1077 555 1111 Prov.
573 1085 645 1115 vm,
659 1076 749 1118 juxta
768 1086 841 1107 mxx.
