1843 3190
115 282 291 315 CONTRA
326 282 440 316 DUAs
475 282 708 316 EPIsroLAs
745 283 1118 329 PELAGIANORUM‚
1157 289 1245 320 mn.
1287 291 1348 322 1v.
1422 275 1484 330 43

119 351 390 398 Manichaeus
431 352 637 398 humanae
672 352 829 398 animae
870 353 1099 411 subvenit,
1140 353 1486 419 blasphemando

117 432 336 468 auctorem
361 424 492 468 totius
514 423 704 469 hominis
726 425 891 478 Deum3
912 441 991 469 nec
1010 424 1266 485 pelagianus
1280 426 1486 473 humanae

112 491 309 538 infantiae
332 492 524 539 divinam
554 493 736 553 gratiam
759 493 987 540 subvenire
1015 495 1259 558 permittit,
1291 496 1487 556 negando

114 562 322 622 originale
338 573 582 626 peccatum.
613 565 729 609 Deus
747 581 849 624 ergo
872 564 1098 610 miseretur
1119 583 1198 629 per
1222 566 1486 612 catholicam

113 631 267 690 fidem,
299 649 400 695 quae
431 643 661 697 utramque
695 633 995 693 redarguendo
1034 636 1302 698 perniciem,
1332 635 1491 681 infanti

111 701 314 748 subvenit
338 701 393 748 ad
416 702 628 757 salutem3
657 703 913 749 Manichaeis
949 704 1122 761 dicens,
1163 705 1325 752 Audite
1353 706 1490 768 Apos-

111 771 251 817 tolum
277 772 535 819 clamantem
556 811 568 830 ‚
599 795 619 816 ,c
637 774 819 820 Nescitis
849 775 951 838 quia
977 792 1136 838 corpus
1161 787 1351 821 vestrum
1375 786 1489 820 tem-

114 842 275 907 »plum
297 853 358 889 est
380 845 426 889 in
449 845 574 891 vohis
596 844 785 908 Spiritus
810 845 978 892 sancti1
999 848 1017 891 ἒ)
1041 867 1061 887 »
1089 857 1129 891 et
1155 847 1297 892 Deum
1321 847 1489 891 honum

114 923 351 958 creatorem
368 914 529 960 credite
549 931 785 978 corporum
803 953 814 971 ‚
841 916 944 978 quia
968 933 1058 961 non
1091 927 1235 979 potest
1267 933 1353 962 esse
1376 926 1491 961 tem-

113 981 238 1045 plum
282 983 473 1045 Spiritus
500 986 637 1030 sancti
662 1002 771 1048 opus
797 987 1010 1049 principis
1028 987 1305 1031 tenebrarum
1329 1004 1340 1031 ι
1364 986 1496 1031 Ρ613-

113 1052 248 1112 gianis
273 1052 419 1098 dicens
443 1071 453 1098 :
477 1075 496 1095 «
515 1055 565 1098 111
586 1054 893 1117 iniquitatibus
912 1067 1150 1119 conceptus
1169 1066 1246 1110 est,
1267 1065 1308 1100 et
1325 1055 1370 1101 in
1390 1072 1492 1118 pec-

114 1141 135 1163 »
157 1122 263 1167 catis
285 1139 384 1167 eum
405 1134 542 1169 mater
558 1127 648 1183 ejus
666 1120 709 1169 in
729 1135 850 1170 utero
873 1125 1029 1182 aluiw,
1050 1147 1070 1167 »
1088 1142 1216 1188 quem
1242 1125 1493 1188 conspicitis

114 1191 363 1254 parvulum.
413 1193 532 1249 Quid
567 1211 662 1240 eum
689 1206 899 1258 tanquam
934 1197 988 1241 ab
1017 1196 1135 1241 omni
1160 1213 1268 1240 noxa
1303 1195 1492 1240 liberum

116 1261 387 1308 defendendo
409 1301 421 1319 ‚
448 1282 536 1310 non
558 1265 809 1329 permittitis
833 1283 911 1329 per
941 1265 1253 1326 indulgentiam
1281 1265 1491 1311 liberari?

118 1353 137 1372 «
153 1332 291 1378 venio
313 1334 503 1380 mundus
523 1353 546 1380 a
566 1335 691 1381 sorde
710 1371 720 1391 ‚
746 1352 825 1380 nec
850 1335 990 1381 infans
1009 1339 1134 1396 cujus
1154 1346 1216 1380 est
1253 1335 1338 1380 diei
1360 1335 1487 1380 unius

119 1424 140 1444 >³
157 1403 249 1449 vita
272 1421 402 1468 super
421 1416 577 1453 terram
598 1406 629 1452 3.
643 1428 662 1447 ›>
681 1405 816 1451 Sinite
841 1407 1042 1452 miserum
1059 1405 1349 1451 remissionem
1372 1404 1493 1450 acci-

117 1491 218 1538 pere
237 1487 536 1539 peccatorum,
559 1494 638 1540 per
657 1494 754 1522 eum
773 1478 850 1541 qui
868 1477 981 1523 solus
1001 1494 1080 1522 nec
1098 1493 1260 1539 parvus
1281 1493 1360 1521 nec
1378 1491 1495 1534 mag-

118 1562 200 1591 nus
218 1547 365 1608 potuit
387 1547 550 1593 habere
569 1558 815 1610 peccatum.

184 1615 235 1661 V.
283 1616 404 1672 Quid
440 1617 498 1662 eis
522 1618 656 1677 igitur
694 1617 900 1680 prodest,
934 1616 1054 1680 quod
1094 1616 1275 1672 dicunt,
1314 1637 1333 1657 ι(
1354 1616 1497 1662 Omne

119 1695 348 1748 peccatum
368 1704 457 1732 non
477 1686 530 1732 de
550 1697 703 1732 natura
718 1723 728 1740 ‚
754 1686 827 1732 sed
851 1687 904 1732 de
925 1687 1149 1732 voluntate
1168 1685 1452 1739 descendere3
1476 1706 1497 1726 >³

121 1765 162 1800 et
190 1755 443 1801 Manichaeii
479 1757 637 1802 malam
676 1767 879 1802 naturam
916 1757 1165 1802 dicentibus
1201 1773 1374 1801 causam
1414 1772 1500 1800 esse

121 1826 318 1890 peccati,
342 1826 476 1887 hujus
510 1828 732 1873 sententiae
762 1828 941 1873 veritate
970 1828 1192 1873 resistere:
1220 1825 1397 1889 quando
1424 1841 1501 1870 no-

120 1896 255 1942 lentes
275 1895 500 1943 admittere
523 1897 729 1957 originale
753 1909 984 1961 peccatum
1008 1935 1019 1954 ‚
1048 1914 1149 1942 cum
1170 1906 1213 1941 et
1243 1896 1386 1959 ipsum
1403 1895 1501 1958 [sine

123 1966 260 2012 dubio
284 1966 338 2012 de
355 1968 489 2031 primi
505 1968 695 2013 hominis
712 1968 935 2014 voluntate
956 1968 1210 2025 descendat5
1228 1966 1397 2012 faciunt
1409 1982 1503 2011 reos

124 2036 330 2100 parvulos
360 2037 414 2084 de
452 2055 634 2102 corpore
658 2038 797 2084 exire?
822 2039 944 2096 Quid
969 2039 1028 2084 eis
1051 2038 1230 2102 prodest
1250 2075 1262 2094 ,
1290 2036 1504 2099 «Baptis-

126 2123 246 2152 mum
277 2109 482 2154 omnihus
519 2109 722 2154 aetatibus
755 2112 1042 2156 necessarium
1077 2108 1303 2154 confiteri:
1328 2129 1348 2149 ³)
1382 2105 1504 2170 quod

127 2177 364 2223 Manichaei
405 2178 558 2224 dicunt
584 2180 630 2224 in
666 2180 785 2225 omni
823 2191 949 2225 aetate
989 2179 1235 2242 supefluum
1260 2195 1270 2222 ε
1298 2193 1399 2222 611111
1434 2175 1505 2221 isti

127 2247 279 2293 dicant
300 2265 385 2293 esse
408 2249 453 2294 in
475 2249 673 2312 parvulis
691 2248 867 2304 falsum,
895 2259 1109 2313 quantum
1134 2247 1189 2293 ad
1213 2246 1508 2292 remissionem

129 2318 282 2364 attinet
315 2323 634 2382 peccatorum?
666 2320 774 2376 Quis
804 2321 862 2366 eis
896 2319 1103 2384 prodest,
1136 2339 1156 2359 α
1178 2316 1310 2374 Quod
1333 2331 1508 2362 carnem

130 2388 324 2446 Christi,
352 2411 372 2430 ›)
399 2407 530 2453 quam
556 2390 795 2436 Manichaei
821 2390 989 2436 nullam
1020 2388 1088 2435 vel
1115 2382 1510 2433 simulatam‘fuisse

131 2459 419 2517 contendunt,
446 2460 652 2507 adversus
675 2478 744 2507 eos
760 2460 831 2507 isti
847 2479 935 2507 non
957 2460 1099 2506 solum
1122 2475 1268 2504 veram
1287 2495 1299 2513 ‚
1321 2478 1342 2498 ε(
1363 2455 1449 2502 Sed
1468 2465 1511 2500 et

130 2529 270 2593 ipsam
292 2531 481 2577 animam
505 2532 625 2581 nulla
653 2532 824 2596 peccati
845 2531 1016 2587 macula
1040 2545 1259 2594 repersam
1278 2526 1406 2588 fuisse
1425 2525 1506 2576 dee

182 2611 193 2634 ¹
213 2623 232 2645 2
252 2615 328 2646 Cor.
348 2624 394 2652 vx,
417 2625 469 2655 29.
483 2633 525 2639 -—
541 2613 556 2644 2
569 2615 652 2653 Bsal.
673 2627 704 2655 L,
721 2627 753 2655 7.
779 2632 824 2638 —
840 2611 854 2637 3
870 2614 945 2646 Job.
964 2624 1030 2653 xxv,
1044 2613 1136 2655 juxta
1149 2620 1226 2644 Lxx.
