1843 3190
265 259 440 292 CONTRA
477 259 705 292 JULIANUM
742 260 1048 302 PELAGIANUM9
1091 262 1177 292 LIB.
1223 263 1280 293 tv.
1358 246 1447 310 267

64 327 225 374 minem
245 343 369 391 posse
392 326 533 372 dixisti
552 343 563 370 ε
600 326 634 370 si
665 337 808 372 autem
833 326 951 390 apud
972 342 1051 372 nos
1068 363 1078 382 ,
1103 336 1145 371 et
1163 323 1239 372 Eic
1260 343 1419 390 respon

65 399 240 444 debitur
265 397 361 443 ideo
387 414 474 442 non
502 396 669 441 dictum
697 397 900 442 omnibus
920 435 931 453 ‚
961 397 1173 460 quoniam
1209 397 1448 459 quemlibet

63 469 287 514 hominem
310 466 493 513 volueris
511 465 692 525 intelligi
712 503 722 522 ‚
748 484 830 529 pro
854 467 1119 530 quibusdam
1149 467 1339 530 peccatis
1366 484 1448 513 ne-

63 555 176 584 cesse
195 539 356 584 habere
379 538 547 584 veniam
568 536 800 599 postulare.
828 537 912 582 Sed
937 537 1013 599 qui
1037 537 1196 582 scimus
1217 536 1325 601 quid
1345 555 1446 583 sen-

65 609 177 654 tiatis
194 646 204 664 ‚
233 609 395 653 nescire
414 624 502 652 non
519 623 748 669 possumus
767 607 989 670 quomodo
1013 608 1094 652 ista
1121 608 1290 654 dicatis.

125 678 265 724 XXX.
309 678 354 723 Si
381 676 574 736 gentilis,
608 676 753 739 inquis
771 713 782 733 ,
818 677 985 722 nudum
1024 678 1267 740 operuerit,
1311 694 1443 723 num-

62 748 204 811 »quid
230 749 335 812 quia
368 764 456 792 non
491 757 554 792 est
583 763 630 791 ex
660 747 772 804 fide,
795 759 1027 810 peccatum
1047 752 1136 794 est?
1156 770 1175 790 ›>
1196 749 1376 794 Prorsus
1399 748 1445 794 in

61 830 275 882 quantum
295 835 384 863 non
412 828 473 863 est
490 835 537 863 ex
557 818 666 873 fide,
692 829 919 881 peceatum
947 830 1034 873 θεῖς
1063 837 1151 865 non
1175 819 1277 882 quia
1302 837 1380 883 per
1404 837 1445 865 se

60 889 203 952 ipsum
224 888 389 934 factum
411 924 421 943 ,
448 887 568 950 quod
592 898 652 932 est
676 887 845 933 nudum
870 890 1060 952 operire„
1089 900 1318 952 peccatum
1342 900 1404 934 est
1429 908 1439 935 ε

59 958 132 1003 sed
161 959 214 1004 (le
242 959 315 1004 tali
350 975 480 1021 opere
511 975 598 1003 non
629 958 674 1003 in
708 959 895 1003 Domino
916 959 1117 1018 gloriari,
1145 960 1257 1006 solus
1281 960 1443 1023 impius

59 1040 186 1088 negat
217 1046 302 1074 esse
337 1039 583 1092 peccatum.
621 1029 752 1084 Quod
780 1040 828 1074 ut
861 1029 1101 1090 inteiligas,
1134 1031 1333 1094 quamvis
1351 1035 1442 1090 jam

59 1100 157 1144 satis
179 1099 281 1144 inde
302 1098 431 1144 fuerit
452 1098 721 1161 disputatum
742 1119 754 1153 ς
785 1110 930 1145 tamen
953 1102 1056 1164 quia
1086 1119 1240 1161 magna
1261 1115 1324 1146 res
1350 1111 1437 1157 est,-

60 1169 207 1214 adhue
230 1169 454 1232 paulisper
477 1168 686 1213 ausculta.
713 1170 826 1214 Eece
849 1169 998 1215 eadem
1029 1184 1321 1216 commemoro
1341 1187 1442 1234 quae

57 1240 150 1303 ipse
172 1240 368 1303 posuisti.
397 1260 417 1280 c<
438 1239 483 1284 Si
517 1238 687 1298 gentilis
718 1240 794 1302 qui
823 1257 912 1284 non
935 1240 1043 1286 vivit
1064 1259 1111 1286 ex
1136 1242 1221 1287 fide
1237 1279 1247 1297 ‚
1270 1241 1441 1286 nudum

57 1311 302 1373 operuerit,
329 1309 649 1373 periclitantem
675 1310 952 1365 liberaverit,
982 1312 1085 1370 {egri
1108 1313 1287 1358 vulnera
1317 1312 1441 1358 fove-

57 1381 141 1437 rit,
171 1381 342 1427 divitias
376 1381 570 1425 honestee
610 1380 812 1425 amicitiae
837 1381 1128 1443 impenderit,
1168 1383 1221 1428 ad
1253 1383 1440 1427 testimo-

58 1451 183 1496 nium
201 1450 357 1496 falsum
379 1467 458 1495 nec
482 1451 702 1495 tormentis
728 1452 922 1513 'potuerit
945 1451 1139 1514 impelli,
1161 1476 1178 1493 υ
1196 1469 1347 1516 quaero
1363 1453 1440 1497 abs

57 1531 121 1578 te,
150 1531 296 1566 utrum
310 1521 407 1566 haec
430 1538 563 1584 opera
579 1521 694 1566 bona
713 1521 823 1565 bene
845 1519 993 1577 faciat,
1022 1539 1074 1566 au
1096 1523 1232 1567 male‘)
1260 1522 1305 1567 Si
1327 1522 1439 1567 enim

56 1592 254 1655 quamvis
276 1593 390 1638 bona
410 1628 420 1646 ‚
446 1592 556 1637 male
585 1603 729 1637 tamen
760 1592 887 1646 facit3
919 1609 1071 1651 negare
1090 1610 1176 1638 non
1201 1602 1321 1655 potes
1342 1608 1439 1636 eum

55 1679 238 1725 peccare
256 1699 267 1718 ,
290 1663 367 1725 qui
385 1661 493 1707 male
517 1662 745 1725 quodlibet
762 1662 883 1707 facit.
907 1663 991 1707 Sed
1008 1664 1108 1725 quia
1128 1680 1225 1708 eum
1248 1679 1336 1708 non
1356 1661 1436 1718 vis,

56 1745 155 1778 cum
193 1732 299 1779 facit
332 1734 412 1778 ista
441 1750 647 1796 peccare3
677 1732 875 1796 profecto
906 1733 1103 1778 (licturus
1136 1747 1200 1787 es„
1240 1734 1292 1777 Et
1325 1733 1441 1777 bonu

55 1802 188 1859 facit,-
223 1814 266 1849 et
306 1804 431 1849 bene.
471 1804 658 1848 Fructus
687 1820 786 1863 ergo
818 1804 958 1848 bonos
993 1804 1097 1849 facit
1133 1804 1265 1849 arbor
1294 1802 1436 1848 mala:

55 1873 174 1936 quod
194 1875 284 1919 fieri
309 1891 395 1919 non
415 1890 538 1936 posse
564 1874 728 1919 Veritas
747 1874 855 1918 dicit
869 1873 902 1920 ¹1.
933 1873 1032 1919 Noli
1048 1873 1330 1936 praecipitare
1349 1886 1441 1918 'sen-

56 1944 232 1988 tentiam
253 1979 264 1999 ‚
296 1944 524 2004 diligenter
554 1944 777 1989 considera
802 1945 910 2008 quid
934 1955 971 1990 te
996 1944 1255 2008 respondere
1279 1960 1441 1989 conve-

56 2014 161 2060 niat.
189 2016 254 2060 An
270 2015 377 2060 dicis
394 2015 615 2059 hominem
631 2015 851 2060 infidelem
870 2015 1068 2060 arborem
1085 2016 1275 2059 bonam?
1294 2013 1442 2058 Placet

55 2101 156 2143 ergo
186 2086 276 2129 Deo
300 2103 310 2129 ε
337 2102 477 2147 neque
494 2086 608 2129 enim
635 2086 753 2130 bono
773 2096 915 2148 potest
932 2103 1018 2130 non
1037 2085 1207 2149 placere
1225 2083 1344 2147 quod
1362 2083 1443 2128 ho-

56 2165 163 2194 1111111
185 2159 260 2195 est.
291 2151 348 2194 Et
369 2151 446 2194 ubi
469 2150 549 2194 erit
566 2150 779 2212 scriptum
800 2161 861 2195 est
879 2168 888 2195 :
917 2171 939 2191 «
958 2151 1058 2195 Sine
1073 2149 1157 2194 fide
1176 2147 1442 2210 impossibile

56 2229 118 2264 est
140 2220 226 2264 Deo
246 2219 417 2281 placere
431 2220 484 2265 29
507 2241 527 2260 1>
547 2221 614 2265 An
628 2219 911 2283 respondebis
933 2239 942 2266 ι
964 2221 1062 2265 Non
1082 2220 1127 2264 in
1146 2228 1360 2283 quantum
1378 2218 1443 2263 in-

58 2289 197 2334 fidelis
216 2301 278 2335 est
296 2326 306 2345 ‚
324 2289 395 2335 sed
421 2292 464 2335 in
489 2301 702 2353 quantum
721 2291 855 2337 homo
874 2302 951 2346 est,
977 2290 1108 2336 arb'or
1122 2291 1238 2336 bona
1260 2292 1357 2334 est?
1381 2291 1443 2334 De

57 2376 145 2423 quo
165 2377 264 2420 ergo
283 2361 498 2406 Dominus
518 2362 592 2417 ait,
609 2379 697 2407 non
712 2372 857 2424 potest
872 2362 1001 2407 arbor
1016 2359 1128 2406 mala
1150 2361 1290 2405 bonos
1319 2358 1443 2404 fruc-

60 2440 127 2474 tus
161 2430 332 2476 faeere?
372 2431 731 2495 quandoquidem
753 2432 1021 2496 quicumque
1045 2431 1151 2485 erit,
1194 2429 1440 2483 anthemo,

59 2511 133 2546 aut
149 2501 323 2561 angelus
339 2504 432 2549 erit.
456 2502 542 2548 Sed
562 2503 595 2548 si
609 2503 744 2549 homo
761 2504 805 2549 in
821 2507 1035 2567 quantuni
1054 2502 1189 2547 homo
1210 2511 1293 2556 est,
1316 2500 1445 2545 arbor

58 2571 174 2618 bona
197 2583 288 2625 θεῖς
315 2574 510 2636 profecto
528 2585 570 2620 et
595 2575 767 2635 angelus
786 2575 833 2621 in
854 2585 1072 2641 quantum
1103 2572 1277 2633 angelus
1307 2571 1440 2617 arbor

110 2654 121 2678 ¹
140 2655 260 2689 Matth.
277 2668 333 2697 vu,
358 2658 407 2688 18.
422 2675 467 2680 —
485 2655 500 2679 ²
513 2657 612 2690 Hebr.
629 2669 680 2700 x1,
695 2659 727 2691 6.
