1843 3190
311 212 397 259 150
724 225 759 254 S.
802 223 1046 254 AUGUSTINI
1081 222 1286 255 EPISCOPI

301 309 399 350 ergo
431 300 573 336 rector
612 288 748 335 malos
765 306 894 352 equos
917 289 1134 349 restringit
1154 299 1196 335 et
1220 298 1411 344 revocat,
1439 288 1577 334 bonos
1598 291 1672 335 in-

301 362 418 407 citat.
453 361 566 406 Boni
595 359 696 422 equi
730 371 829 404 sunt
854 370 1059 422 quatuor,
1083 359 1312 423 prudentia
1330 396 1340 413 ,
1364 361 1667 422 temperantia,

297 430 529 485 fortitudo,
548 429 713 489 justitia
734 447 743 474 :
768 429 871 474 mali
889 429 1005 492 equi,
1032 429 1277 484 iracundia,
1300 430 1667 491 concupiscentia,

296 501 452 556 timor,
477 500 694 562 iniquitas„
724 519 745 540 2>
786 499 1015 558 Numquid
1052 500 1134 555 ait,
1178 501 1324 544 Bonus
1358 509 1498 544 rector
1531 499 1671 544 bonos

296 587 427 633 equos
448 570 600 625 habet,
624 568 759 614 malos
782 586 870 613 non
898 568 1059 614 habet?
1089 569 1172 614 Sed
1195 571 1254 614 ait
1277 587 1287 614 ε
1315 571 1457 614 Bonos
1489 569 1665 624 incitat,

293 641 429 686 malos
462 639 678 698 restringit
700 649 741 684 et
761 649 948 684 revocat.
981 639 1106 684 Unde
1130 640 1200 684 isti
1224 650 1323 685 sunt
1337 640 1436 702 equi
1456 643 1473 684 ἶ.)
1503 640 1668 701 Nempe

291 711 326 755 si
366 727 436 755 eos
461 709 724 755 substantias
757 709 941 754 dicimus
971 709 1038 755 vel
1061 721 1290 772 putamus,
1318 710 1667 756 Manichaeorum

289 779 482 825 favemus
519 779 588 826 vel
616 780 830 824 haeremus
852 779 1030 823 insaniae
1057 796 1067 823 :
1090 779 1211 842 quod
1239 790 1285 824 ut
1319 780 1430 824 absit
1458 797 1479 823 a
1507 780 1633 824 nobis
1652 817 1663 834 ,

289 849 503 895 catholice
523 849 626 894 istos
655 865 787 909 equos
810 847 1090 905 intelligimus
1112 848 1217 893 vitia
1256 859 1419 902 nostra,
1448 864 1546 909 quae
1585 848 1667 907 legi

288 922 442 964 mentis
464 935 513 963 ex
541 917 632 976 lege
653 916 823 979 peccati
857 916 1072 963 resistunt.
1113 917 1211 961 Non
1236 935 1258 961 a
1280 917 1407 961 nobis
1440 916 1538 963 haec
1562 918 1666 963 vitia

287 998 500 1051 separata,
524 987 688 1033 alicubi
703 986 808 1031 alibi
825 996 967 1039 erunt,
997 985 1072 1031 sed
1089 987 1133 1030 in
1150 986 1276 1031 nobis
1293 997 1437 1031 sanata
1453 1004 1663 1049 nusquam

287 1068 415 1104 erunt
440 1094 450 1104 .
476 1057 785 1103 Verumtamen
802 1072 935 1119 quare
961 1072 1051 1101 non
1068 1056 1114 1101 in
1133 1056 1393 1118 baptismate
1412 1057 1664 1118 perierunt?

288 1130 357 1174 An
380 1127 577 1173 nondum
600 1126 819 1181 fateberis,
847 1125 968 1188 quod
988 1136 1131 1171 reatus
1150 1142 1298 1171 eorum
1321 1125 1514 1189 perierit,
1536 1126 1665 1170 infir-

284 1198 410 1243 mitas
435 1197 639 1243 manserit
662 1214 673 1241 :
697 1213 785 1241 non
809 1207 952 1241 reatus
970 1212 1059 1258 quo
1080 1196 1173 1258 ipsa
1188 1213 1257 1241 rea
1278 1195 1467 1249 fuerant,
1489 1195 1559 1240 sed
1576 1213 1664 1258 quo

284 1285 362 1313 nos
383 1284 476 1313 reos
499 1267 689 1312 fecerant
724 1268 769 1311 in
788 1266 911 1311 malis
938 1267 1163 1328 operibus,
1186 1283 1273 1329 quo
1310 1283 1387 1311 nos
1419 1268 1661 1311 traxerant?

286 1339 375 1384 Nec
388 1338 448 1383 ita
470 1354 619 1382 eorum
639 1336 797 1382 mansit
809 1337 1055 1392 infirmitas,
1083 1338 1206 1399 quasi
1227 1337 1369 1399 aliqua
1386 1337 1470 1381 sint
1495 1336 1664 1380 anima-

279 1409 337 1454 lia
362 1424 461 1470 quae
484 1407 762 1452 infirmantur
785 1424 794 1451 ε
816 1406 884 1451 sed
907 1417 1049 1452 nostra
1067 1407 1294 1450 infirmitas
1314 1408 1406 1467 ipsa
1428 1416 1540 1451 sunt.
1573 1407 1662 1451 Nec

279 1476 325 1523 in
350 1478 419 1522 his
442 1477 563 1539 equis
585 1476 707 1521 malis
726 1476 1004 1539 iniquitatem
1026 1477 1267 1522 nominasse
1286 1475 1509 1538 putandus
1526 1489 1587 1521 est
1606 1479 1661 1523 il-

279 1549 383 1599 lam,
407 1563 508 1610 quae
530 1545 727 1591 deletur
717 1564 762 1591 in
778 1546 1031 1608 baptismo:
1071 1546 1145 1591 1113
1170 1563 1358 1610 namque
1377 1558 1661 1609 peccatorum

280 1634 380 1682 quae
401 1616 610 1671 fecimus,
643 1616 745 1671 fuit,
770 1632 871 1679 quae
891 1626 1049 1663 cuncta
1069 1618 1242 1660 remissa
1261 1626 1376 1671 sunt,
1406 1626 1534 1679 atque
1561 1635 1660 1663 om—

280 1689 383 1733 nino
401 1690 491 1746 J'am
515 1703 604 1731 non
618 1696 734 1741 sunt,
761 1703 949 1749 quoium
975 1697 1117 1731 reatus
1141 1687 1344 1731 manebat
1364 1686 1574 1748 quando
1565 1705 1657 1768 ipsa

277 1758 441 1803 fiebant
465 1767 592 1820 atque
607 1723 864 1803 transibant.
898 1758 1146 1801 Istamxero
1166 1757 1298 1815 legem
1321 1757 1513 1818 peccati,
1535 1762 1658 1817 cnjus

275 1827 487 1873 manentis
502 1837 642 1872 reatus
665 1827 711 1872 in
728 1826 979 1872 sacrofonte
1002 1827 1202 1872 remissus
1228 1837 1307 1881 est,
1325 1826 1556 1888 propterea
1576 1845 1657 1873 vo—

276 1897 696 1960 cavitiniquitatem,
724 1897 826 1960 quia
848 1897 1047 1975 iniquum
1073 1907 1159 1952 est,
1183 1907 1230 1941 ut
1245 1914 1343 1941 caro
1373 1898 1658 1959 concupiscat

275 1967 476 2013 adversus
495 1967 739 2030 spiritum:
767 1968 967 2029 quamvis
992 1966 1139 2012 adsit
1129 1984 1172 2011 in
1196 1977 1342 2011 nostra
1378 1969 1654 2014 renovatione

268 2037 460 2097 J‘ustitia;
482 2037 585 2100 quia
601 2040 766 2096 J'ustum
784 2046 862 2091 est,
881 2047 929 2081 ut
947 2036 1146 2083 adversus
1163 2053 1336 2081 carnem
1356 2036 1533 2098 spiritus
1551 2053 1654 2084 con-

267 2108 483 2171 cupiscat‚
514 2118 564 2153 ut
586 2108 743 2170 spiritu
769 2108 1061 2163 ambulemUS‚
1089 2117 1131 2152 et
1148 2106 1529 2168 concupiscentias
1549 2124 1652 2153 car-

268 2178 332 2223 nis
354 2194 444 2222 non
466 2177 758 2240 perficiamus.
793 2178 918 2225 Hanc
941 2178 1108 2254 quippe
1126 2177 1342 2237 justitiam
1363 2187 1553 2227 nostram
1578 2178 1647 2223 in-

267 2257 333 2292 ter
345 2247 485 2291 bonos
500 2262 634 2310 equos
658 2246 903 2296 invenimus
922 2248 1207 2296 nominatam.

334 2316 462 2361 XIII.
493 2316 609 2361 Audi
629 2315 778 2362 adhuc
801 2317 909 2379 quid
934 2316 1086 2362 dicat
1074 2335 1119 2362 111
1141 2316 1256 2362 libro
1268 2334 1395 2379 quem
1412 2317 1582 2378 scripsit
1596 2318 1649 2363 de

266 2383 512 2449 paradiso1.
544 2405 564 2425 «
592 2386 785 2431 Fortasse
802 2423 813 2441 ,
840 2386 1007 2449 inquit,
1043 2386 1140 2432 ideo
1167 2386 1273 2431 dixit
1293 2385 1471 2442 Paulus,
1492 2408 1510 2426 «
1535 2388 1647 2443 Quae

266 2454 518 2502 »nonlicet
550 2454 723 2503 homini
741 2455 866 2518 loqui
883 2456 921 2512 2,
946 2478 967 2498 »
989 2456 1091 2519 quia
1108 2467 1199 2501 erat
1222 2455 1367 2506 adhuc
1391 2456 1436 2502 in
1462 2472 1643 2520 corpore
1688 2459 1690 2462 ’

312 2539 324 2561 ¹
341 2537 454 2571 Ambr.
468 2537 526 2572 lib.
545 2537 585 2570 de
603 2534 717 2571 Parad.
734 2549 802 2582 cap.
822 2551 834 2570 1
846 2550 874 2572 1.
888 2557 931 2564 —
949 2538 965 2562 ²
979 2550 996 2574 2
1015 2540 1090 2575 Cor.
1106 2550 1164 2578 xn,
1179 2546 1211 2576 4.
