1843 3190
292 258 467 290 CONTRA
500 258 725 289 JULIANUM
760 256 1068 297 PELAGIANUM,
1106 258 1194 288 tie.
1237 258 1278 288 v.
1373 242 1467 299 343

96 325 382 389 quaestionem
400 345 410 378 ;
433 335 482 370 ut
499 325 532 369 si
556 335 597 369 te
613 324 659 369 in
671 324 1039 387 concupiscentiae
1055 323 1255 368 diabolus
1277 322 1469 369 adversi-

100 405 186 440 tate
203 413 290 441 non
304 395 474 449 vicerit,
504 395 651 441 vincat
675 405 714 439 te
738 395 783 439 in
807 394 1086 457 perversitate
1111 393 1345 441 sententiae.

159 463 365 512 XXVIII.
409 465 567 511 Adhuc
607 482 693 510 non
717 465 919 525 evigilaS,
947 474 995 510 ut
1039 463 1250 522 intelligas
1282 473 1470 508 nostram

95 545 299 582 naturam
326 553 415 581 non
432 553 535 590 esse,
557 535 631 581 sed
659 535 833 591 vitium,
856 545 1008 580 contra
1033 533 1154 597 quod
1172 533 1332 579 virtute
1354 550 1474 596 pug-

94 609 275 651 namus?
299 607 449 669 Neque
473 605 587 652 enirn
603 606 721 652 bono
744 606 931 661 bonum,
969 605 1041 650 sed
1066 605 1183 649 bono
1202 603 1352 668 utique
1375 622 1473 649 ma-

94 674 186 722 lum
206 676 434 723 vincimus.
466 676 701 722 Considera
726 693 826 722 cum
843 693 930 739 quo
957 675 1122 728 vincat,
1142 691 1241 719 cum
1264 691 1352 737 quo
1374 675 1473 719 vin-

94 756 232 792 catur,
273 746 462 803 Quando
496 747 612 792 enim
634 746 774 792 libido
806 746 961 800 vincit,
1001 743 1139 790 vincit
1163 754 1204 789 et
1238 742 1468 789 diabolus:

92 815 418 880 quandolibido
440 817 630 864 vincitur
646 855 658 873 ,
683 828 724 863 et
744 817 946 863 diabolus
970 815 1177 861 vincitur.
1208 813 1350 871 Quem
1368 831 1468 874 ergo

93 887 230 932 vincit
244 887 404 944 libido,
430 899 471 933 et
498 906 520 933 a
540 905 627 951 quo
645 887 858 943 vincitur,
876 885 1014 932 hostis
1039 896 1099 930 est
1116 888 1208 944 ejus
1230 902 1240 929 ε
1268 901 1367 929 cum
1386 900 1474 947 quo

94 967 236 1002 autem
258 958 395 1004 vincit
414 970 456 1003 et
468 958 676 1014 vincitur,
700 968 850 1003 auctor
873 968 935 1002 est
958 960 1065 1015 erS.
1090 956 1213 1014 Rogo
1239 965 1297 1008 te,
1324 953 1473 1000 oculos

93 1027 240 1090 aperi,
274 1038 316 1072 et
340 1045 465 1074 cerne
492 1045 591 1092 quae
616 1039 766 1091 aperta
801 1038 916 1074 sunt.
953 1025 1083 1072 Nulla
1105 1041 1254 1088 pugna
1288 1035 1350 1070 est
1384 1024 1474 1069 sine

91 1097 223 1148 malo.
255 1098 445 1154 Quando
466 1100 578 1145 enim
598 1109 840 1163 pugnatur,
866 1108 941 1143 aut
954 1097 1119 1141 bonum
1138 1106 1307 1160 pugnat
1324 1105 1366 1140 et
1385 1112 1474 1140 ma-

91 1166 299 1224 lum,aut
317 1169 481 1215 malum
500 1180 541 1215 et
560 1170 724 1215 malum
742 1189 752 1221 ;
780 1178 853 1214 aut
877 1168 910 1213 si
927 1167 1014 1212 duo
1030 1167 1147 1211 bona
1166 1165 1279 1210 inter
1296 1182 1338 1210 se
1354 1181 1472 1228 pug-

90 1247 215 1293 nant,
241 1237 336 1300 ipsa
366 1255 513 1302 pugna
539 1249 600 1284 est
625 1254 832 1298 inagnum
853 1237 1032 1283 malum.
1068 1234 1201 1291 Quod
1227 1235 1272 1280 in
1292 1251 1475 1298 corpore

90 1308 269 1372 quando
292 1309 492 1369 contigit,
514 1320 563 1355 ut
581 1327 629 1355 ea
665 1310 828 1373 quibus
853 1318 1040 1363 constat,
1064 1306 1109 1352 id
1137 1317 1215 1362 est,
1235 1305 1472 1351 humidum

91 1388 133 1424 et
150 1377 333 1435 siccum,
372 1379 562 1426 calidum
589 1390 630 1425 et
658 1379 866 1440 frigidum
887 1415 897 1434 ‚
939 1376 1137 1441 quamvis
1176 1377 1261 1421 sint
1286 1377 1398 1421 inter
1431 1393 1473 1421 sc

90 1450 330 1505 contraria,
361 1467 516 1513 pacem
561 1468 706 1496 secum
745 1448 1113 1512 concordiamque
1151 1464 1240 1492 non
1272 1457 1467 1503 teneant,

90 1519 233 1564 morbi
260 1520 644 1584 aegrotationesque
657 1530 910 1566 nascuntur.
938 1519 994 1563 Et
1014 1517 1109 1581 quis
1125 1516 1280 1563 audeat
1294 1516 1438 1574 dicere
1454 1555 1465 1574 ,

89 1587 254 1651 aliquid
274 1606 421 1635 eorum
446 1607 535 1635 uon
561 1607 647 1635 esse
666 1591 860 1643 bonum3
885 1606 988 1635 cum
1014 1587 1156 1633 omnis
1173 1597 1371 1634 creatura
1391 1586 1470 1632 Dei

92 1657 208 1704 bona
233 1660 305 1715 sit,
332 1670 374 1705 et
391 1660 656 1706 benedicant
674 1661 720 1706 in
746 1661 913 1724 hymno
929 1659 1061 1705 trium
1076 1675 1312 1722 puerorum
1337 1657 1470 1717 frigus

90 1739 131 1781 et
143 1740 272 1775 aestus
293 1730 558 1777 Dominum?
580 1732 692 1788 Quae
706 1732 818 1776 inter
830 1748 871 1775 se
888 1730 1123 1786 contraria,
1141 1739 1312 1776 servant
1327 1738 1470 1773 tamen

89 1817 171 1862 pro
189 1817 334 1845 rerum
354 1800 658 1847 incolumitate
676 1800 959 1847 concordiam
985 1817 1112 1846 :cum
1132 1816 1233 1845 vero
1260 1798 1305 1844 in
1323 1808 1471 1843 nostro

90 1887 273 1933 corpore
293 1870 559 1934 discrepant,
581 1889 751 1934 seseque
768 1871 954 1917 invicem
969 1881 1244 1934 oppugnant,
1266 1868 1469 1916 valetudo

90 1941 309 1988 turbatur.
337 1942 393 1986 Et
408 1942 496 1988 hoc
512 1953 671 1997 totum,
697 1942 809 1987 sicut
827 1943 919 2005 ipsa
938 1959 1051 1986 mors
1074 1941 1128 1986 de
1154 1941 1325 2004 peccati
1356 1939 1471 1985 illius

89 2015 404 2077 propagatione
429 2014 671 2062 descendit.
722 2016 872 2079 Neque
910 2015 1023 2060 enim
1051 2025 1093 2060 et
1116 2013 1214 2059 haec
1238 2013 1469 2077 quisquam

88 2084 261 2140 dixerit,
284 2085 318 2130 si
351 2103 477 2132 nemo
515 2097 753 2150 peccasset,
776 2104 854 2132 nos
877 2086 923 2132 in
944 2085 1018 2132 illa
1038 2083 1309 2130 beatitudine
1333 2102 1469 2147 para-

90 2156 169 2201 disi
203 2155 332 2201 fuisse
369 2174 583 2219 passuros.
627 2157 711 2203 Sed
739 2158 834 2203 aliae
867 2170 969 2203 sunt
997 2174 1140 2202 rerum
1171 2155 1467 2218 corporalium

89 2225 336 2289 qualitates,
363 2243 463 2289 quae
490 2244 637 2274 secum
657 2245 680 2272 a
703 2228 933 2273 contrariis
952 2236 1248 2290 temperantur
1288 2237 1337 2271 ut
1359 2226 1470 2277 bene

90 2297 333 2352 valeamus3
359 2309 518 2344 etcum
533 2299 680 2344 sintin
707 2298 876 2344 diverso
891 2316 1041 2360 genere
1062 2298 1191 2343 bonae
1209 2307 1354 2344 tamen
1369 2314 1469 2342 cum

90 2367 360 2426 discordant,
400 2368 561 2414 malam
598 2368 888 2415 valetudinem
915 2369 1082 2415 faciunt
1110 2385 1120 2412 :
1163 2377 1205 2412 et
1239 2366 1335 2414 aliae
1369 2378 1470 2420 sunt

86 2438 246 2484 animae
262 2438 545 2502 cupiditates,
566 2456 668 2503 quae
689 2449 922 2503 propterea
947 2438 1088 2485 carnis
1113 2437 1340 2493 dicuntur,
1365 2438 1469 2501 quia

73 2508 333 2557 'secundum
360 2526 537 2555 carnem
552 2510 697 2556 anima
720 2509 1011 2574 concupiscit,
1031 2526 1132 2555 cum
1157 2508 1219 2555 sic
1239 2506 1469 2570 concupis-

92 2579 170 2637 cit,
202 2589 250 2625 ut
270 2579 309 2625 ei
332 2579 534 2643 spiritus,
556 2579 604 2625 id
638 2590 718 2636 est,
759 2597 859 2644 pars
891 2584 983 2642 ejus
1014 2579 1167 2627 melior
1198 2589 1241 2624 et
1274 2577 1468 2643 superior
