1843 3190
281 305 457 337 CONTRA
491 301 720 336 JULIANUM
755 302 1066 344 PELAGIANUM‚
1109 304 1198 336 Lis.
1244 305 1282 336 v.
1377 289 1461 336 331

94 372 385 436 corruptibile
403 381 606 432 aggravat
631 387 813 434 corpus,
841 371 966 417 etiam
994 370 1029 417 si
1042 370 1204 416 habeat
1224 374 1314 430 jam
1333 380 1468 425 sancti

86 445 288 508 Spiritus
312 445 501 507 pignus?

150 516 267 562 XVI.
314 514 401 560 Sed
422 514 558 559 homo
586 510 828 574 intelligens
850 515 892 559 et
918 524 1092 568 acutus,
1120 535 1141 556 «
1161 515 1327 559 Justam
1361 510 1468 559 dicis

84 601 171 630 esse
190 584 421 630 libidinem
454 594 495 628 et
529 580 671 629 laudis
693 584 915 646 praeconio
933 584 1263 646 praedicandam
1282 621 1292 639 ‚
1314 585 1347 629 si
1367 599 1465 629 eum

83 655 157 718 qui
184 656 275 699 Deo
294 668 382 699 non
400 653 621 709 obedivit5
655 667 743 699 non
779 654 842 699 illi
888 653 1131 699 obediendo
1150 655 1338 717 punivit.
1369 675 1389 695 >³
1421 654 1466 698 Si

82 723 319 788 prudenter
335 721 409 768 hic
426 737 611 785 saperes,
637 723 835 786 profecto
859 736 944 769 esse
973 724 1245 787 iniquitatem
1271 723 1434 769 videres
1451 761 1460 778 ‚

81 803 168 857 q'ua
187 807 286 857 pars
309 793 486 839 inferior
510 793 700 839 hominis
732 805 948 857 repugnat
977 795 1187 857 superiori
1217 802 1344 857 atque
1371 804 1463 839 ine-

82 865 179 910 liori
199 882 208 909 :
235 875 277 910 et
298 875 440 910 tamen
456 862 571 923 jusie
589 864 789 928 iniquum
809 873 898 910 silae
918 860 1059 910 ¹carnis
1082 865 1309 928 iniquitate
1326 865 1462 927 pu'ni-

84 945 204 989 tum,
244 935 357 980 sicut
387 944 448 978 est
483 950 553 979 rex
586 932 763 996 iniquus
800 934 978 994 maligni
1016 935 1192 997 spiritus
1231 934 1462 997 iniquitate

81 1004 277 1067 punitus.
305 1006 371 1049 An
393 1014 435 1048 et
459 1004 604 1066 ipsum
628 1004 867 1064 malignum
889 1005 1090 1067 spiritum
1111 1004 1289 1051 laudare
1314 1004 1460 1067 dispo·-

80 1075 178 1120 nisi'
212 1075 289 1119 Eia
327 1091 430 1133 age,
465 1074 574 1137 qaid
611 1076 819 1120 moraris?
857 1076 990 1120 Decet
1026 1075 1141 1120 enim
1169 1084 1208 1120 te
1233 1075 1458 1120 inimicum

81 1143 281 1203 gratuitae
301 1144 380 1188 Dei
397 1143 630 1199 bonitatis,
663 1144 936 1190 laudatorem
971 1144 1147 1207 spiritus
1167 1149 1253 1190 esse
1276 1143 1459 1189 menda-

80 1215 156 1260 cis.
185 1214 275 1259 Nec
297 1214 517 1259 laborabis
535 1213 728 1260 invenire
750 1215 857 1278 quid
873 1214 992 1260 dicas
1013 1233 1024 1260 ε
1048 1213 1195 1260 latides
1217 1218 1307 1274 ejus
1324 1224 1458 1277 para-2

80 1294 146 1329 tas
169 1284 304 1328 habes
323 1320 334 1338 ‚
365 1284 398 1328 si
421 1284 520 1329 haec
552 1285 645 1346 ipsa
676 1285 722 1330 in
754 1298 852 1330 eum
876 1286 1008 1330 verba
1036 1285 1302 1330 transtuleris
1320 1321 1330 1340 ‚
1359 1294 1458 1347 quae

79 1355 262 1418 posuisti
280 1355 324 1399 in
346 1353 475 1400 laude
495 1355 709 1411 libidinis,
738 1356 858 1401 velut
876 1356 1186 1419 consequentia
1203 1355 1457 1401 sententiam

80 1441 222 1470 meam
240 1461 251 1481 ‚
279 1441 367 1488 qua
380 1442 456 1485 ego
477 1425 563 1471 dixi
585 1443 595 1471 ε
623 1447 642 1467 r<
662 1427 881 1486 Injustum
905 1427 1018 1472 enim
1038 1437 1145 1482 erat,
1167 1437 1216 1472 ut
1233 1426 1456 1489 obtempe-

82 1505 253 1540 raretur
280 1512 303 1540 a
329 1511 452 1541 servo
484 1512 560 1541 suo
576 1533 586 1552 ‚
608 1497 696 1541 hoc
717 1507 804 1552 est,
829 1515 852 1542 a
877 1510 1059 1559 corpore
1079 1511 1182 1550 suo,
1209 1497 1247 1541 ei
1274 1496 1456 1558 quinon

80 1565 459 1629 obtemperaverat
479 1567 667 1612 Domino
693 1566 812 1614 suo4.
841 1589 861 1609 ))
889 1567 1020 1623 Quod
1047 1579 1089 1612 tc
1114 1579 1295 1626 negans,
1323 1575 1364 1611 et
1379 1565 1456 1610 fiil-

79 1643 176 1680 sum
200 1652 286 1681 esse
311 1636 510 1681 deridens
529 1673 539 1692 ‚
567 1637 684 1682 velut
702 1637 922 1682 ostendere
941 1636 1115 1683 voluisti
1134 1650 1234 1699 quae
1257 1647 1456 1698 sequere-

81 1716 153 1750 tur
173 1705 441 1759 absurdita33
466 1717 674 1770 tanquam
695 1707 892 1753 ultricem
913 1707 1106 1770 peccati,
1130 1707 1163 1751 si
1187 1707 1274 1751 hoc
1292 1707 1349 1750 ita
1374 1716 1452 1760 est,

80 1774 309 1820 libidinem
336 1775 532 1823 laudans.
568 1777 693 1822 Certe
715 1778 843 1822 istum
866 1775 1116 1822 mendacem
1137 1776 1337 1839 spiritum
1355 1774 1457 1838 quia

79 1845 268 1908 impium
281 1862 446 1905 regem,
470 1847 583 1893 sicut
612 1848 879 1902 merebatur,
905 1847 1095 1893 fallendo
1120 1846 1245 1892 traxit
1262 1846 1316 1891 ad
1336 1859 1456 1890 rnor-

82 1925 187 1971 teni,
203 1932 292 1960 non
313 1933 440 1975 negas
457 1917 698 1980 iniquitatis
713 1918 911 1965 ultorem.
940 1919 1052 1962 Ecce
1068 1931 1145 1977 ego
1166 1927 1207 1962 et
1226 1917 1301 1961 hic
1323 1916 1422 1961 dico
1442 1933 1452 1960 t

82 1986 297 2045 InJ‘ustuni
323 1987 436 2031 enini
461 1998 574 2044 erat,
612 1998 659 2033 ut
694 1990 769 2051 qui
800 2005 888 2033 non
921 1986 1165 2033 crediderat
1201 1988 1292 2031 Deo
1323 2003 1424 2031 vero
1444 2022 1453 2039 ,

81 2072 170 2101 non
189 2056 462 2118 deciperetur
479 2074 501 2102 a
517 2057 639 2104 falso.
666 2058 817 2104 Lauda
835 2075 934 2118 ergo
950 2069 992 2103 et
1013 2058 1134 2103 istius
1148 2057 1361 2117 justitiam
1381 2055 1458 2100 fal-

81 2127 242 2180 sitatis3
262 2135 304 2171 et
323 2125 395 2172 dic
421 2144 521 2189 quae
542 2128 684 2174 dixisti
708 2129 752 2174 in
776 2128 904 2174 laude
922 2128 1118 2173 libidinis
1138 2145 1148 2172 x
1173 2147 1192 2168 c<
1213 2127 1328 2184 Quia
1346 2124 1459 2170 nihil

80 2213 130 2242 ea
148 2206 290 2259 potest
316 2195 580 2243 laudabilius
612 2199 838 2254 aestimari,
869 2199 905 2244 si
923 2198 1199 2261 iniquitatem
1224 2196 1311 2242 ulta
1334 2213 1459 2241 com-

83 2266 201 2311 missi
217 2277 280 2311 est
296 2302 307 2322 ,
333 2268 367 2312 si
386 2267 628 2314 vindicavit
653 2269 858 2329 inJ'uriam
882 2269 987 2324 Dei,
1007 2278 1048 2313 et
1065 2268 1168 2331 quia
1195 2267 1255 2312 ita
1282 2282 1461 2312 consor-

83 2337 192 2381 tium
218 2337 387 2399 peccati
413 2355 500 2383 non
525 2338 684 2384 habuit
702 2376 713 2394 ,
752 2350 800 2384 ut
829 2338 1021 2384 officium
1044 2336 1307 2383 vindicantis
1340 2351 1461 2380 assu-

84 2415 233 2453 meret.
259 2427 280 2449 ³>
307 2408 469 2453 Omnia
492 2408 590 2454 haec
622 2408 858 2454 secundum
885 2420 978 2453 tuos
998 2408 1264 2454 acutissimos
1285 2422 1430 2452 sensus
1446 2443 1458 2462 ‚

84 2488 198 2523 recte
219 2477 428 2523 dicuntur
447 2489 488 2524 et
507 2479 552 2524 in
576 2479 692 2524 illius
715 2478 933 2524 immundi
957 2478 1136 2541 spiritus
1169 2476 1311 2523 laude.
1350 2476 1462 2534 Ergo

134 2583 145 2606 ¹
163 2584 230 2616 Lib.
257 2596 284 2615 1.
297 2580 339 2616 He
357 2586 457 2628 Nupt.
479 2590 509 2617 et
526 2587 670 2629 Concup.
688 2596 755 2629 cap.
771 2587 803 2619 6.
