1843 3190
320 259 413 315 428
740 276 776 305 s.
819 274 1065 307 Auousrlm
1100 275 1304 308 EPISCOPI

319 340 532 396 centiam,
583 339 695 386 sicut
728 357 887 404 corpus
925 339 1102 404 aliquod
1138 352 1212 387 aut
1244 341 1478 406 spiritum;
1515 342 1588 389 sed
1613 361 1698 390 esse

321 411 589 456 affectionem
620 410 858 471 quamdam
894 410 1020 456 malae
1061 411 1301 474 qualitatis,
1343 412 1454 457 sicut
1494 423 1555 458 est
1594 413 1696 458 lan—

321 497 454 539 guor3
478 502 498 521 n
523 481 666 525 ita-ne
702 480 815 525 nihil
835 479 887 525 ad
909 498 997 525 rem
1024 482 1238 544 pertinere
1262 498 1351 526 non
1371 482 1527 528 sentis?
1551 484 1699 528 Primo

322 551 435 595 enim
457 550 565 596 dicis
589 588 599 607 ‚
621 572 641 592 «
663 552 732 596 Me
754 562 939 596 mutasse
957 552 1208 597 sententiam
1224 589 1235 608 ‚
1263 562 1304 597 et
1321 552 1617 599 immemorem
1635 564 1700 598 to-

326 621 412 666 tius
447 621 548 666 libri
585 624 668 666 mei
700 621 941 684 professum
967 621 1096 667 fuisse
1116 622 1401 668 substantiam
1437 640 1523 668 esse
1545 622 1693 668 libidi-

319 708 432 738 nem.
463 712 480 732 ν)
508 692 572 736 Re
596 709 696 737 vera
726 692 901 737 evoluto
929 702 971 736 et
1003 692 1226 737 enucleato
1258 692 1373 737 libro
1407 710 1502 738 meo
1539 710 1628 738 non
1658 709 1700 737 es

321 772 570 822 reperturus
603 778 671 806 nie
701 761 946 806 libidinemv
967 761 1257 806 substantiam
1296 761 1448 807 dixisse
1465 762 1534 807 vel
1558 761 1698 807 semel.

322 832 532 876 Dixerunt
555 848 649 876 eam
675 830 855 893 quidam
880 831 1138 894 philosophi
1161 841 1330 893 partem
1367 832 1497 877 animi
1526 824 1611 877 esse
1630 831 1701 876 vi-

322 902 473 946 tiosam
497 919 507 946 :
538 912 579 946 et
605 901 755 964 utique
782 918 882 963 pars
908 902 1042 946 animi
1067 901 1308 946 substantia
1340 912 1428 957 est,
1459 902 1561 964 quia
1594 901 1703 946 sub-

322 972 481 1016 stantia
514 982 575 1016 est
616 971 707 1034 ipse
744 972 928 1016 animus.
973 970 1058 1016 Sed
1095 988 1172 1030 ego
1203 971 1348 1034 ipsum
1383 972 1536 1017 vitium
1565 1009 1575 1026 ‚
1615 988 1702 1034 quo

326 1041 492 1086 animus
511 1041 587 1102 [vel
619 1040 707 1086 ulla
731 1058 833 1103 pars
855 1046 946 1100 eJ'us
970 1041 1051 1086 isto
1086 1041 1217 1086 modo
1249 1042 1401 1087 vitiosa
1431 1053 1522 1097 est,
1548 1041 1702 1087 libidi-

324 1129 421 1156 nem
456 1111 555 1157 dico
570 1149 580 1159 .
605 1122 653 1157 ut
677 1111 796 1156 omni
816 1112 922 1157 vitio
953 1122 1098 1157 sanato
1119 1111 1234 1157 salva
1255 1113 1308 1157 sit
1331 1122 1423 1157 tota
1440 1112 1697 1158 substantia.

328 1181 442 1237 Quia
472 1192 513 1227 et
546 1181 610 1226 illi
641 1181 897 1244 philosophi
928 1181 1148 1227 locutione
1184 1182 1351 1245 tropica
1374 1182 1483 1227 mihi
1503 1182 1705 1227 videntur

327 1253 525 1297 vitiosam
546 1263 712 1316 partem
731 1252 864 1297 animi
882 1252 1378 1316 appellasselibidinem,
1403 1253 1447 1298 in
1475 1270 1560 1316 qua
1580 1263 1704 1316 parte

327 1334 390 1368 est
411 1323 566 1368 vitium
589 1322 708 1386 quod
734 1333 917 1368 vocatur
949 1323 1090 1368 libido
1105 1359 1117 1378 ‚
1139 1322 1251 1368 sicut
1268 1322 1513 1386 appellatur
1550 1323 1707 1368 domus

323 1409 407 1455 pro
431 1392 487 1438 eis
510 1394 706 1457 quisunt
726 1393 772 1438 in
798 1393 944 1439 domo.

394 1463 508 1510 LIV.
544 1463 711 1509 Deinde
739 1474 778 1508 te
815 1463 943 1508 nimis
970 1462 1108 1508 acutis
1142 1462 1473 1510 dialecticorum
1507 1463 1600 1509 telis
1632 1462 1706 1508 in-

329 1534 497 1579 cautius
531 1533 767 1579 exercendo
793 1571 804 1590 ,
826 1550 990 1597 nosque
1030 1534 1268 1594 jactantius
1310 1533 1550 1580 territando
1574 1571 1585 1590 ,
1613 1550 1707 1578 sec-

330 1614 417 1649 tam
442 1615 625 1649 vestram
643 1604 860 1650 lethaliter
883 1604 1132 1651 vulnerasti.
1162 1604 1370 1650 Dividens
1388 1604 1554 1668 quippe
1580 1614 1709 1666 atque

332 1673 540 1719 definiens
572 1674 640 1720 vel
677 1675 807 1720 etiam
847 1674 1094 1719 describens
1121 1674 1382 1720 differentias
1418 1674 1706 1740 quali-tatum,

331 1743 443 1788 inter
462 1754 646 1789 caetera:
674 1765 693 1784 α
714 1744 859 1789 Tertia
885 1745 1046 1806 speeies
1069 1744 1289 1808 qualitatis
1317 1755 1408 1800 est,
1435 1743 1604 1807 inquis,
1642 1742 1710 1788 af-

332 1812 461 1859 fectio
494 1824 536 1859 et
566 1814 845 1860 affectionalis
877 1814 1079 1877 qualitas.
1112 1815 1298 1860 Affectio
1319 1826 1462 1860 autem
1490 1816 1536 1859 in
1566 1812 1712 1877 quali-

335 1894 421 1929 tate
440 1884 498 1929 ob
516 1885 604 1930 hoc
624 1886 822 1948 ponitur,
842 1886 919 1941 ais,
940 1886 1043 1949 quia
1062 1886 1330 1949 principium
1344 1885 1604 1949 qualitatum
1617 1894 1707 1938 est3

333 1956 405 2000 cui
431 1955 558 2001 etiam
577 1968 838 2019 reputantur
866 1956 918 2002 ad
945 1968 1213 2002 momentum
1234 1957 1483 2002 aecedentes
1502 1955 1710 2001 receden-

336 2035 484 2088 tesque
505 2037 578 2072 aut
597 2027 813 2072 animiaut
831 2027 1025 2090 eorporis
1044 2027 1275 2089 passiones.
1301 2026 1595 2072 Affectionalis
1611 2041 1712 2070 vero

336 2096 538 2158 qualitas,
567 2097 709 2159 inquis
726 2134 736 2147 .
763 2098 968 2143 omnibus
987 2098 1151 2160 quibus
1174 2098 1385 2153 evenerit,
1408 2114 1454 2142 ex
1473 2096 1714 2155 majoribus

337 2177 428 2211 orta
455 2167 591 2212 causis
617 2167 676 2212 ita
699 2167 949 2213 inhaerescit
971 2205 981 2223 ‚
1013 2178 1059 2213 ut
1084 2178 1158 2212 aut
1180 2168 1346 2227 magnis
1378 2166 1678 2212 molitionibus
1698 2202 1710 2221 ‚

340 2247 413 2280 aut
437 2236 566 2282 nullis
593 2238 771 2282 omnino
801 2248 1036 2301 separetur.
1068 2258 1087 2278 »
1118 2238 1227 2283 Haec
1258 2237 1433 2300 quidem
1458 2236 1558 2282 satis
1575 2235 1716 2298 expli-

340 2308 445 2352 casti
471 2309 739 2355 scientibus:
779 2309 852 2355 sed
876 2311 978 2373 quia
1015 2311 1322 2356 contemnendi
1359 2327 1448 2355 non
1480 2319 1608 2364 sunt,
1637 2307 1715 2371 qui

337 2376 493 2422 lecturi
514 2378 649 2423 libros
670 2390 837 2425 nostros
859 2379 1105 2443 disciplinae
1130 2380 1263 2439 hujus
1288 2379 1430 2439 ignari
1447 2390 1573 2432 sunt3
1593 2377 1715 2441 quod

339 2446 480 2492 deesse
500 2447 643 2504 video,
670 2448 827 2494 faciam
854 2460 901 2494 ut
922 2467 944 2494 a
964 2449 1316 2495 meillustrentur
1335 2449 1721 2512 exemplis.Quan-

342 2528 436 2563 tum
461 2517 516 2563 ad
537 2518 727 2564 animum
751 2520 928 2573 attinet3
961 2521 1129 2565 affectio
1149 2530 1211 2565 est
1234 2520 1384 2566 timere
1401 2556 1412 2576 ‚
1437 2517 1716 2565 affectionalis

343 2588 529 2652 qualitas
559 2588 764 2635 timidum
784 2607 870 2636 esse
895 2607 906 2635 ε
930 2590 1042 2636 sicut
1068 2589 1190 2637 aliud
1213 2600 1274 2636 est
1302 2590 1455 2646 iratuS‚
1480 2588 1599 2636 aliud
1624 2588 1714 2635 ira-
