1843 3190
352 254 415 315 64
771 268 807 307 s.
849 268 1096 307 ‚treverim
1130 269 1333 307 macor}

347 334 608 388 secutionem
634 333 782 402 gratias
804 347 972 405 posset,
1000 334 1134 401 magis
1158 335 1330 387 adultos
1360 344 1401 387 et
1426 346 1656 406 provectos
1681 346 1723 390 et

347 415 528 473 majores
555 420 661 459 natu
684 421 861 476 possent
887 411 1098 476 impedire
1130 424 1310 475 peccata
1342 412 1553 472 graviora.
1584 414 1722 460 Porro

346 495 490 529 autem
535 484 569 529 si
602 483 732 529 etiam
769 482 1026 543 gravissimis
1067 481 1351 527 delictoribus
1369 520 1380 539 ‚
1420 494 1462 528 et
1502 484 1545 529 in
1580 485 1722 529 Deum

344 554 482 600 multo
507 564 603 599 ante
623 554 929 617 peccantibus,
952 570 1051 599 cum
1071 563 1219 616 postea
1234 552 1526 610 crediderint,
1548 554 1722 599 remissa

343 630 624 687 peccatorum
657 623 814 678 datur,
853 634 894 669 et
929 641 952 669 a
992 624 1211 686 baptismo
1256 634 1385 686 atque
1421 625 1556 684 gratia
1595 641 1722 669 nemo

342 695 604 759 prohibetur
627 712 638 739 :
667 705 831 757 quanto
851 694 984 754 magis
1008 694 1239 757 prohiberi
1268 711 1357 740 non
1387 694 1517 740 debet
1542 694 1687 741 infans
1707 732 1717 750 ‚

342 766 420 829 qui
453 781 599 811 recens
633 776 761 810 natus
795 764 909 809 nihil
943 765 1172 827 peccavit,
1210 765 1291 810 nisi
1329 765 1449 828 quod
1479 765 1721 811 secundum

346 837 485 882 Adam
503 835 732 880 carnaliter
749 845 877 879 natus
893 871 903 889 ,
929 836 1181 894 contagium
1198 836 1348 880 mortis
1373 836 1562 899 antiquae
1580 836 1722 899 prima

342 907 566 953 nativitate
591 904 821 959 contraxit:v
846 904 921 967 qui
955 903 1009 948 ad
1042 905 1263 949 remissam
1296 917 1576 967 peccatorum
1601 906 1720 951 acci-

341 977 574 1040 piendam,
596 975 684 1020 hoc
710 974 805 1036 ipso
827 974 998 1019 facilius
1024 974 1192 1020 accedit
1209 1012 1219 1030 ‚
1248 975 1368 1038 quod
1392 976 1456 1021 illi
1482 976 1719 1022 remittun-

344 1058 416 1093 tur
431 1064 518 1092 non
538 1044 719 1109 propria
738 1080 748 1099 ,
777 1044 851 1089 sed
877 1043 1013 1089 aliena
1040 1048 1250 1107 peccata?
1274 1067 1294 1087 »

408 1116 568 1175 XXIV.
602 1113 723 1171 Quid
750 1114 804 1159 ad
827 1115 906 1160 ista
933 1114 1094 1161 dicturi
1120 1126 1219 1161 sunt
1241 1116 1390 1176 gratiae
1410 1116 1514 1173 Dei,
1542 1133 1633 1161 non
1657 1133 1720 1161 so-

342 1189 431 1235 lum
452 1187 712 1241 desertores,
739 1185 811 1230 sed
832 1186 959 1230 etiam
978 1190 1300 1248 persecutores?
1316 1186 1424 1251 quid
1451 1186 1504 1232 ad
1526 1187 1604 1232 ista
1622 1186 1718 1231 dic·

342 1259 430 1305 turi
452 1259 578 1303 sunt?
606 1255 704 1311 Quo
727 1266 857 1318 pacto
883 1256 1009 1301 nobis
1033 1256 1225 1319 paradisi
1254 1257 1463 1320 possessio
1490 1256 1717 1302 redditur?

341 1327 572 1387 Quomodo
588 1325 791 1388 paradiso
814 1326 1084 1371 restituimur
1102 1364 1113 1382 ‚
1139 1327 1173 1372 si
1196 1345 1420 1391 nunquam
1440 1327 1503 1372 ibi
1522 1327 1714 1372 fuimus?

341 1402 429 1446 Aut
451 1395 672 1461 quomodo
696 1395 760 1439 ibi
783 1395 944 1440 suimus
962 1432 973 1451 ,
999 1396 1081 1441 nisi
1102 1396 1202 1458 quia
1218 1397 1262 1441 in
1284 1397 1424 1442 Adam
1445 1396 1642 1442 fuimus?
1662 1397 1717 1440 Et

339 1467 560 1533 quomodo
587 1465 640 1510 ad
663 1466 916 1510 sententiam
942 1483 1042 1528 quae
1070 1466 1116 1510 in
1134 1477 1489 1527 transgressorem
1515 1467 1634 1512 dicta
1655 1476 1718 1511 est

338 1539 627 1604 pertinemus,
663 1535 697 1580 si
726 1552 879 1580 noxam
911 1535 964 1581 de
1000 1547 1308 1597 transgressore
1339 1555 1428 1583 non
1463 1537 1711 1582 trahimus?

336 1612 559 1656 Postremo
583 1605 870 1667 baptizandos
893 1605 1023 1650 etiam
1047 1617 1145 1651 ante
1169 1607 1285 1652 diem
1309 1618 1450 1653 censet
1475 1617 1708 1664 octavum,

339 1697 392 1727 ne
413 1695 491 1742 per
511 1674 762 1734 contagium
790 1675 940 1720 mortis
965 1675 1158 1738 antiquae
1184 1678 1325 1740 prima
1350 1678 1577 1724 nativitate
1604 1695 1715 1723 con-

340 1760 528 1797 tractum
549 1755 726 1809 pereant
753 1745 908 1791 animae
926 1746 1236 1809 parvulorum3
1260 1748 1480 1812 quomodo
1500 1759 1710 1812 pereunt,

337 1822 372 1869 si
390 1839 436 1866 ex
464 1816 721 1864 bominibus
749 1816 878 1861 etiam
908 1817 1112 1863 fidelibus
1136 1820 1214 1882 qui
1245 1830 1509 1876 nascuntur,
1535 1814 1630 1865 'non
1649 1830 1716 1864 te-

339 1900 497 1938 nentur
524 1905 545 1932 a
567 1884 743 1931 diabolo
762 1922 772 1941 ,
796 1885 935 1932 donec
955 1899 1236 1934 renascantur
1252 1889 1296 1934 in
1319 1890 1494 1935 Christo
1509 1927 1520 1946 ,
1547 1900 1588 1934 et
1604 1890 1714 1935 eruti

340 1963 393 2009 de
415 1967 623 2025 potestate
642 1956 918 2002 tenebrarum
945 1958 990 2003 in
1011 1975 1190 2018 regnum
1204 1960 1319 2005 illius
1338 1959 1710 2006 transferantur1?

337 2035 397 2080 Et
418 2030 514 2095 quis
533 2028 640 2074 dicit
655 2028 925 2073 nascentium
948 2065 958 2084 ‚
981 2029 1063 2073 nisi
1086 2041 1390 2087 renascantur,
1410 2031 1572 2076 animas
1590 2030 1711 2093 peri-

338 2103 486 2150 turas?
511 2100 678 2161 Nempe
694 2097 766 2143 ille
788 2099 864 2161 qui
883 2098 942 2144 sic
963 2098 1115 2145 laudat
1139 2112 1374 2146 creatorem
1400 2112 1528 2164 atque
1551 2110 1714 2146 creatu-

336 2191 430 2221 ram
449 2209 460 2228 ,
486 2170 689 2233 opificem
712 2178 842 2231 atque
865 2185 1000 2231 opus,
1023 2180 1071 2215 ut
1098 2170 1283 2216 humani
1312 2187 1456 2216 sensus
1484 2170 1710 2216 horrorem

336 2260 424 2309 quo
443 2240 734 2298 dedignantur
752 2239 949 2285 homines
967 2251 1157 2286 recentes
1183 2241 1239 2286 ab
1265 2251 1386 2287 utero
1413 2241 1618 2305 parvulos
1637 2258 1710 2286 os-

337 2313 498 2367 culari,
523 2310 738 2355 Creatoris
763 2309 898 2372 ipsius
927 2310 1184 2374 interposita
1213 2313 1488 2358 veneratione
1508 2328 1712 2375 compes-

338 2395 410 2434 cat
424 2392 466 2428 et
485 2378 690 2438 corrigat,
708 2378 857 2424 dicens
871 2416 883 2436 ,
907 2381 952 2426 in
978 2381 1094 2427 illius
1109 2381 1246 2427 aetatis
1260 2382 1408 2428 osculo
1423 2393 1613 2428 recentes
1632 2383 1711 2428 Dei

335 2469 489 2504 manus
507 2467 592 2496 esse
616 2449 882 2509 cogitandas.
913 2452 1142 2515 Numquid
1158 2470 1258 2513 ergo
1276 2454 1486 2499 confitens
1505 2452 1711 2513 originale

333 2533 563 2595 peccatum
583 2557 595 2578 ‚
620 2530 696 2568 aut
719 2531 922 2570 naturam
951 2522 1177 2573 damnavit
1193 2560 1206 2583 ,
1237 2534 1313 2573 aut
1336 2523 1542 2588 nuptias?
1571 2525 1711 2573 Num-

383 2611 396 2635 1
410 2608 531 2643 Coloss.
551 2616 582 2647 1,
605 2605 659 2640 13.
