1843 3190
298 339 472 372 CONTRA
504 340 732 373 JULIANtJM
768 338 1075 383 PELAGIANUM,
1113 340 1202 373 tin.
1245 342 1306 374 vl.
1381 327 1476 391 409

107 407 232 465 cujus
250 404 404 452 litteris
424 406 658 453 exclamare
677 417 718 453 te
730 406 862 453 libuit
876 444 887 464 ,
910 428 929 449 «
946 407 984 453 O
999 418 1221 471 tempora,
1239 424 1265 454 o
1284 411 1482 454 moresP»

109 475 271 520 Saltem
293 513 304 532 ,
346 478 527 539 inquam
551 514 562 533 ,
591 478 736 540 ipsum
771 478 896 534 audi,
932 499 953 519 «
973 478 1032 523 Ut
1053 490 1266 542 quantum
1293 497 1316 524 a
1338 495 1485 525 rerum

110 546 385 608 turpitudine
410 548 536 603 abes,
567 547 626 610 (si
650 557 794 592 tamen
820 547 975 609 abes‚)
1006 558 1186 594 tantum·
1206 559 1247 594 te
1279 567 1302 594 a
1324 549 1485 595 verbo-

109 632 208 661 rum
234 616 434 661 libertate
460 620 683 676 sejunga53
711 628 753 663 et
779 635 828 662 ea
862 619 908 662 in
938 617 1092 663 alteros
1131 636 1184 663 ne
1208 618 1351 675 dicas,
1386 635 1485 681 quae

111 703 212 731 cum
227 687 309 731 tibi
336 686 441 733 falso
467 687 638 746 objecta
658 687 766 743 sint,
793 688 1035 735 erubescas.
1051 709 1071 730 >2
1102 688 1226 734 Talia
1255 699 1297 733 te
1322 706 1420 734 sane
1441 689 1486 733 in

110 756 213 801 istos
238 757 382 801 nescio
406 773 514 819 quos
529 755 680 802 dixisse
705 757 781 820 qui
804 757 971 817 legunt,
999 759 1155 814 sciant,
1174 758 1319 822 qualia
1342 758 1389 804 in
1412 757 1487 803 ali-

112 825 272 887 quibus
295 827 472 871 omnino
504 843 591 871 non
616 827 838 881 novimus,
872 844 980 891 quos
1009 828 1055 873 in
1085 829 1311 891 proposito
1344 827 1489 873 conti-

113 897 274 942 nentiae
290 898 506 943 recessisse
520 914 544 941 a
560 897 800 957 Pelagianis
814 898 1031 944 haereticis
1051 898 1261 945 novimus.
1288 899 1372 944 Tui
1389 913 1489 944 vero

114 966 183 1012 vel
206 977 295 1012 tuae
318 967 466 1030 quales
493 968 581 1013 sint
601 967 713 1013 nihil
736 985 827 1014 mea
855 969 1053 1023 interest,
1085 985 1193 1031 quos
1224 980 1270 1014 tu
1296 968 1362 1015 vel
1384 983 1493 1031 quas

116 1047 164 1082 tu
183 1036 244 1082 sic
265 1036 376 1082 fallis
404 1074 415 1092 ‚
436 1048 485 1083 ut
505 1038 624 1083 dicas
646 1055 714 1084 me
743 1038 921 1084 definire
936 1076 947 1095 ‚
980 1060 1000 1080 (ι
1020 1040 1109 1084 Ν66
1130 1039 1177 1083 in
1207 1040 1370 1084 carioso
1389 1036 1494 1101 qui-

118 1106 218 1152 dem
244 1124 427 1170 corpore
453 1108 683 1153 libidinem
716 1125 840 1171 posse
868 1108 1042 1155 frenari.
1075 1130 1096 1150 »
1119 1109 1215 1153 Inio
1234 1109 1311 1171 qui
1336 1105 1497 1153 frenari

117 1194 242 1240 posse
260 1188 301 1223 et
318 1178 478 1224 frenari
504 1189 703 1241 oportere
732 1178 916 1224 decerno
933 1216 944 1235 ‚
972 1178 1069 1224 ideo
1092 1178 1254 1223 malum
1281 1176 1489 1236 intelligo.

121 1247 255 1304 Quod
271 1249 348 1311 qui
370 1259 496 1308 negat
512 1247 691 1306 malum,
712 1248 870 1295 viderit
886 1249 1109 1313 quomodo
1128 1249 1290 1294 habeat
1306 1249 1492 1300 bonum,

121 1318 194 1363 cui
211 1330 524 1380 repugnantem
540 1356 551 1375 ,
573 1319 678 1366 velit
707 1319 816 1365 nolit
836 1357 847 1375 ,
874 1319 1037 1365 fatetur
1059 1319 1314 1365 frenandam
1334 1334 1419 1363 esse
1437 1316 1497 1362 li-

122 1387 332 1435 bidinem.
363 1389 454 1444 Ego
488 1389 635 1452 itaque
668 1406 759 1434 non
783 1389 922 1435 solum
945 1408 969 1436 a
990 1390 1188 1446 senibus,
1221 1405 1372 1435 verum
1406 1397 1448 1432 et
1475 1404 1499 1432 a

119 1457 355 1517 juvenibus
375 1458 474 1504 dico
488 1459 715 1505 libidinem
732 1477 857 1522 posse
878 1460 1038 1505 frenari
1061 1478 1071 1504 :
1099 1460 1171 1505 sed
1199 1459 1389 1506 multum
1411 1460 1500 1503 mi-

124 1544 197 1573 ror
221 1545 244 1572 a
266 1529 588 1575 continentibus
611 1528 839 1575 libidinem
853 1546 976 1592 posse
999 1529 1184 1576 laudari.

192 1600 395 1646 XXXVI.
444 1600 553 1656 Quis
594 1610 736 1646 autem
775 1611 971 1646 nostrum
1005 1600 1138 1656 dicit,
1167 1620 1188 1642 ι(
1220 1599 1385 1645 Malum
1414 1597 1502 1642 hoc

128 1669 248 1731 quod
262 1669 434 1732 parvuli
458 1669 722 1730 originaliter
744 1670 927 1716 trahunt
942 1707 953 1723 ‚
979 1671 1069 1715 sine
1089 1669 1331 1715 substantia
1350 1668 1397 1713 in
1417 1682 1505 1730 qua

130 1749 208 1795 est,
234 1749 309 1784 aut
327 1756 413 1784 esse
436 1757 560 1803 posse
578 1776 588 1796 ‚
622 1751 697 1785 aut
719 1756 913 1803 unquam
935 1740 1123 1786 fuisseP»
1145 1739 1277 1795 Quod
1299 1750 1507 1800 tanquam

130 1807 345 1865 dicamus,
366 1809 426 1854 ita
443 1809 602 1872 quaeris
615 1808 863 1855 dialecticos
875 1809 1064 1869 judices,
1078 1820 1120 1855 et
1138 1808 1289 1854 irrides
1303 1806 1503 1866 vulgum,

132 1879 255 1942 quasi
278 1878 333 1924 ad
352 1879 496 1942 ipsum
520 1890 561 1924 te
580 1880 775 1938 judicem
801 1879 1038 1935 adducam,
1062 1897 1085 1924 3
1112 1896 1200 1942 quo
1219 1876 1409 1938 judicari
1426 1876 1508 1921 ista

132 1967 223 1995 non
244 1960 425 2012 possunt
442 1968 453 1995 ε
470 1967 571 2013 quae
584 1960 632 1995 tu
657 1950 691 1995 si
714 1966 803 1995 non
829 1950 1067 2006 didicisses,
1085 1949 1307 2009 Pelagiani
1323 1947 1510 2007 dogma-

134 2019 188 2064 tis
212 2019 418 2065 machina
447 2020 537 2066 sine
563 2020 799 2066 architecto
830 2019 1066 2065 necessario
1096 2018 1379 2064 remansisset.
1421 2036 1444 2057 «
1461 2014 1509 2061 Si

136 2110 158 2130 »
181 2089 245 2135 vis
272 2089 437 2144 vivere,
465 2090 556 2136 noli
580 2107 722 2135 amare
743 2090 998 2153 sapientiam
1026 2089 1184 2142 verbi,
1211 2104 1298 2151 qua
1323 2102 1511 2133 evacua-

138 2169 246 2204 »tur
274 2176 378 2204 crux
410 2159 622 2206 Christi1.
651 2180 671 2200 >³
709 2160 944 2215 Quomodo
986 2159 1039 2204 de
1071 2158 1163 2204 aliis
1194 2156 1446 2203 substantiis
1467 2154 1515 2200 in

141 2229 242 2275 alias
258 2230 520 2275 substantias
542 2230 611 2275 vel
629 2230 759 2276 bonae
782 2230 852 2277 vel
870 2230 996 2276 malae
1017 2239 1237 2275 transeant
1264 2226 1511 2291 qualitates,

141 2317 230 2344 non
253 2300 498 2359 migrando,
517 2299 592 2346 sed
614 2299 859 2356 afficiendo,
874 2303 963 2359 jam
988 2299 1103 2345 libro
1120 2298 1338 2361 superiore
1360 2306 1518 2341 tracta-

141 2370 296 2416 vimus.
323 2370 371 2416 Si
393 2370 513 2430 vulgi
544 2370 711 2434 spernis
735 2369 977 2430 judicium,
1014 2369 1111 2415 illos
1131 2367 1299 2428 judices
1320 2367 1485 2412 intuere
1503 2401 1515 2421 ‚

143 2455 253 2502 quos
279 2440 358 2485 tibi
380 2439 554 2486 duobus
587 2440 810 2503 prioribus
833 2440 936 2485 meis
967 2439 1090 2485 libris
1112 2436 1451 2484 luculentissima
1473 2435 1521 2481 in

103 2556 111 2561 ,
145 2509 338 2554 Ecclesia
354 2510 543 2562 Christi,
570 2509 780 2572 praeditos
804 2510 1060 2556 auctoritate
1083 2508 1310 2572 proposui.

211 2579 438 2626 XXXVII.
470 2579 610 2636 Quale
630 2590 692 2626 est
713 2590 876 2638 autem,
900 2579 1022 2645 quod
1039 2579 1182 2626 beatae
1194 2575 1414 2624 memoriae
1429 2575 1520 2623 Zo-

199 2662 210 2684 ¹
229 2673 243 2693 1
261 2664 336 2693 Cor.
355 2670 376 2700 ¹,
398 2673 451 2701 17.
