1843 3190
345 273 434 306 120
740 273 775 304 S.
818 269 1061 304 AUGUSTINI
1096 269 1314 304 EPISCOPI.

338 336 516 385 tivitatis
548 335 733 384 vinculis
752 338 1005 384 liberamur.
1033 338 1169 394 Dicit,
1198 347 1514 397 1000001100ηο
1537 353 1583 382 ex
1603 352 1714 400 aqua

339 419 381 454 et
406 408 563 471 spiritu
600 409 779 470 purgari
816 409 1008 454 maculas
1033 410 1189 471 primae
1225 407 1480 462 nativitatis,
1506 425 1584 470 per
1606 423 1714 469 quas

336 479 385 524 in
404 478 711 541 iniquitatibus
744 478 1044 556 concipimur,
1073 478 1193 523 Dicit
1215 478 1295 523 tibi
1311 488 1484 523 sanctus
1510 476 1709 532 Basilius,

334 565 412 593 nos
435 547 737 607 aegiitudinem
761 548 1019 594 contraxisse
1050 565 1172 611 pecc
1163 549 1239 602 ui,
1278 548 1484 611 quoniam
1515 548 1604 592 lzva
1628 563 1713 591 no-

336 617 419 662 luit
442 635 463 662 a
482 617 597 677 ligno
628 617 857 680 prohibito
895 622 1104 678 ι10100010.
1145 618 1264 663 Dicit
1289 628 1528 680 postremo,
1560 633 1637 661 nos
1661 615 1714 660 de

335 687 537 751 paradiso
567 687 792 743 decidisse,
823 689 927 752 quia
960 706 1048 733 non
1069 688 1381 748 jejunavimus,
1413 698 1542 749 atque
1569 697 1616 731 ut
1639 685 1713 730 illo

336 757 579 812 redeamus,
609 758 1090 820 praecipitjejunemus.
1140 758 1304 802 Dicunt
1336 758 1417 802 tibi
1453 774 1525 802 ore
1543 773 1628 801 uno
1654 766 1716 800 tot

333 827 468 872 sancti
494 826 688 888 episcopi
712 827 937 886 Eulogius,
983 828 1191 878 Ι1000005,
1239 827 1571 877 Ammonianus,
1599 826 1716 870 Por-

333 895 548 958 phyriUS,
579 896 806 942 Eutonius.
841 896 1246 959 Porphyriusalius
1266 932 1276 950 ,
1305 896 1463 951 Fidus,
1498 895 1711 951 Zoninus,

334 965 614 1019 zoboennus,
658 965 977 1027 Nymphidius,
1021 965 1320 1020 Chromatius,
1354 966 1555 1020 Jovinus,
1581 964 1716 1010 Eleu-

343 1033 528 1089 tl‘ierius,
553 1033 788 1080 Clematius
816 1053 826 1079 ε
861 1036 948 1081 Nos
978 1035 1202 1095 Pelagium
1218 1053 1307 1080 non
1330 1035 1610 1090 absolvimus,
1639 1034 1722 1080 nisi

336 1102 440 1166 quia
464 1102 687 1149 damnavit
711 1121 798 1161 eos,
818 1105 896 1168 qui
917 1105 1072 1151 dicunt
1094 1105 1298 1168 parvulos
1319 1105 1485 1150 etiamsi
1499 1120 1587 1149 non
1606 1103 1717 1167 bap-

334 1174 521 1219 tizentur
534 1173 697 1219 habere
722 1175 856 1220 vitam
879 1187 1102 1222 aeternam.
1126 1176 1151 1219 J
1157 1193 1224 1220 am
1253 1186 1300 1220 tu
1320 1173 1550 1238 responde,
1568 1184 1716 1219 utrum

333 1246 450 1289 Deus
470 1246 612 1303 justus
630 1244 741 1290 nulli
761 1246 993 1292 obnoxiam
1019 1256 1200 1310 peccato
1225 1245 1457 1306 imaginem
1480 1261 1601 1291 suam
1621 1244 1716 1308 pri-

335 1331 435 1360 vare
460 1314 548 1360 vita
566 1315 701 1377 possit
719 1319 910 1362 aeterna?

400 1385 612 1431 XXXIII.
654 1386 879 1432 Postremo
908 1398 1081 1433 sanctus
1107 1388 1345 1450 episcopus
1366 1390 1551 1432 Joannes
1575 1384 1713 1443 dicit,

334 1471 465 1518 quem
494 1465 543 1500 tu
583 1455 902 1502 honorabiliter
938 1458 1312 1514 commemorasti,
1350 1473 1485 1520 quem
1524 1465 1572 1501 tu
1606 1455 1718 1503 sieut

334 1534 531 1570 sanctum
556 1524 866 1589 eruditumque
885 1526 1100 1584 laudasti,
1129 1545 1260 1591 quem
1288 1538 1338 1572 tu
1361 1525 1655 1571 testimonium
1676 1536 1719 1572 et

337 1594 517 1655 gloriam
536 1593 589 1638 de
604 1596 821 1639 consortio
838 1596 1030 1641 veritatis
1050 1597 1282 1660 suscepisse
1296 1595 1439 1641 dixisti
1457 1612 1466 1638 :
1485 1595 1614 1640 etiam
1627 1595 1718 1659 ipse

337 1664 476 1718 dicit,
515 1663 654 1708 Adam
691 1665 751 1709 sic
781 1682 981 1727 peccasse
1022 1666 1133 1711 illud
1171 1666 1332 1725 grande
1367 1676 1599 1728 peccatum
1619 1702 1630 1722 ,
1670 1676 1719 1712 ut

338 1751 466 1780 omne
491 1750 622 1792 genus
648 1733 892 1780 humanum
913 1736 959 1781 in
983 1753 1215 1782 commune
1237 1736 1475 1782 damnaret.
1507 1735 1651 1790 Dicit,
1672 1735 1718 1781 in

338 1803 492 1851 Lazari
513 1812 649 1847 morte
672 1802 769 1848 ideo
788 1805 951 1850 flevisse
973 1806 1199 1851 Christum
1216 1843 1227 1861 ,
1256 1806 1357 1868 quia
1389 1804 1441 1849 de
1464 1805 1718 1866 perennita-

341 1874 459 1919 tibus
478 1889 649 1917 excussa
667 1873 907 1919 mortalitas
923 1875 1079 1921 inferos
1105 1875 1324 1921 adamavit
1343 1895 1354 1928 ;
1371 1885 1412 1919 et
1431 1874 1535 1937 quia
1557 1891 1626 1919 eos
1642 1875 1719 1937 qui

339 1941 603 1990 immortales
627 1959 712 1987 esse
750 1954 972 2006 poterant,
1006 1945 1208 1991 diabolus
1243 1944 1346 1990 fecit
1380 1961 1465 1989 esse
1496 1944 1712 1992 mortales.

341 2012 487 2067 Dicit,
528 2022 625 2057 ante
650 2024 883 2075 peccatum
918 2015 1109 2060 hominis
1134 2015 1254 2060 omni
1278 2013 1410 2059 modo
1447 2013 1604 2059 bestias
1629 2014 1718 2060 ho-

341 2082 449 2127 mini
486 2080 614 2126 fuisse
650 2082 888 2141 subjectas,
914 2095 1197 2148 posteaquam
1219 2101 1319 2131 vero
1343 2093 1574 2147 peccatum
1604 2083 1717 2130 illud

342 2151 544 2206 intravit,
569 2151 751 2213 coepisse
783 2169 806 2197 a
830 2153 957 2199 nobis
976 2155 1131 2200 bestias
1153 2153 1382 2199 formidari
1407 2171 1418 2197 z
1451 2169 1586 2215 usque
1611 2153 1717 2199 adeo

342 2233 571 2285 peccatum
596 2221 706 2267 illud
730 2223 864 2285 primi
889 2224 1079 2271 hominis
1108 2224 1292 2283 intelligi
1323 2223 1462 2270 voluit
1484 2222 1538 2267 ad
1572 2240 1720 2270 omnes

342 2292 540 2338 homines
560 2292 802 2355 pertinere:
830 2294 908 2340 ubi
931 2296 1027 2359 quis
1051 2313 1138 2341 non
1151 2295 1296 2341 videat
1316 2310 1402 2339 esse
1426 2309 1714 2355 consequens,

344 2373 393 2408 ut
417 2362 539 2408 nulla
565 2362 804 2409 bestiarum
839 2366 1045 2427 parvulos
1067 2365 1245 2412 laederet
1259 2401 1271 2421 ,
1306 2363 1389 2409 nisi
1412 2373 1452 2408 et
1471 2362 1585 2425 ipsos
1602 2363 1718 2409 illius

342 2433 513 2496 peccati
532 2432 709 2479 vinculo
742 2434 945 2481 nativitas
972 2435 1157 2482 carnalis
1185 2434 1486 2493 obstringeret.
1535 2433 1652 2478 Dicit
1671 2433 1718 2479 in

344 2502 495 2548 eodem
530 2520 746 2561 sermone,
778 2521 825 2550 ex
851 2522 939 2569 quo
973 2516 1023 2552 tu
1055 2505 1240 2552 incautis
1264 2504 1474 2566 obrepere
1509 2502 1713 2558 voluisti,

344 2572 464 2642 quod
481 2590 559 2620 nos
582 2572 779 2628 Christus
798 2574 1011 2626 invenerit
1033 2586 1074 2624 et
1096 2587 1275 2642 paterno
1300 2571 1599 2642 chirographo
1618 2589 1715 2625 nos-
