1843 3190
296 223 392 280 454
716 235 751 266 s.
793 234 1038 266 AUGUSTINI
1073 234 1278 267 EPIscom

361 304 564 351 LXXIX.
592 303 728 348 Nemo
745 301 952 349 liberatur
970 301 1026 348 ab.
1056 301 1141 348 hac
1160 300 1224 347 ira
1249 300 1345 356 Dei,
1372 300 1454 346 nisi
1472 319 1551 364 per
1575 305 1672 347 Me.-

298 372 510 421 diatorem
530 371 830 418 reconcilietur
842 374 949 418 Deo.
971 369 1096 416 Unde
1115 370 1225 417 dicit
1236 371 1364 415 etiam
1388 371 1481 434 ipse
1498 371 1674 417 Media-

297 454 367 490 tor
389 461 400 488 ε
443 464 464 485 «
487 442 577 498 Qui
601 459 690 487 non
715 442 853 489 credit
879 441 987 489 Filio
1008 478 1020 497 ,
1057 457 1146 487 non
1170 440 1356 487 habebit
1387 442 1554 496 vitam3
1599 441 1672 486 sed

297 535 322 557 ³>
339 515 403 560 ira
423 513 508 559 Dei
530 523 675 557 manet
700 529 828 575 super
847 529 946 557 eum
962 511 979 540 1
1004 548 1015 567 ‚
1043 532 1064 552 »
1093 511 1192 556 Non
1217 510 1324 556 dixit
1345 548 1357 567 ,
1384 511 1526 556 veniet
1548 548 1560 567 ,
1576 511 1669 568 sed,

295 594 441 631 manet
470 599 600 645 super
627 599 741 629 eum.
783 582 887 627 Ideo
911 598 1010 641 ergo
1041 580 1226 629 credunt
1262 591 1389 644 atque
1410 583 1674 627 confitentur

296 666 338 702 et
367 657 550 713 majores
572 671 651 717 per
670 670 747 698 cor
769 663 810 699 et
833 670 878 698 os
902 652 1157 715 proprium,
1189 662 1230 697 et
1265 652 1438 715 parvuli
1463 669 1540 715 per
1566 653 1672 697 alie-

295 742 402 772 num
423 761 434 780 ‚
463 735 511 770 ut
534 722 869 769 reconcilientur
906 725 996 769 Deo
1029 739 1106 785 per
1141 733 1325 769 mortem
1349 723 1446 767 Filii
1468 727 1558 781 ejus
1577 759 1587 776 ,
1622 739 1673 767 ne

293 795 358 840 ira
378 795 458 838 Dei
477 803 647 838 maneat
666 808 795 854 super
817 809 904 847 eos,
928 808 1036 855 quos
1063 792 1192 837 etiam
1231 792 1350 850 origo
1371 792 1520 836 vitiata
1545 792 1674 837 efficit

294 881 403 910 reos.
435 865 502 908 De
518 862 760 925 hacitaque
781 880 826 908 re
849 862 1029 926 loquens
1052 861 1305 924 Apostolu8,
1335 882 1355 902 a
1373 862 1485 907 Cum
1505 862 1669 919 adhuc,

297 955 320 978 ›>
342 933 514 997 inquit,
550 943 799 996 peccatores
821 949 1006 978 essemus
1025 969 1037 988 ,
1071 932 1272 977 Christus
1294 949 1376 995 pro
1408 932 1534 977 nobis
1556 950 1673 978 mor-

300 1026 321 1048 »
341 1015 441 1050 tuus
464 1014 552 1057 est;
577 1002 716 1050 multo
742 1002 877 1063 magis
906 1003 1137 1063 justificati
1166 1019 1283 1048 nunc
1305 1003 1349 1047 in
1373 1002 1578 1062 sanguine
1600 1003 1674 1065 ip-

301 1096 324 1119 »
341 1075 441 1129 sius,
470 1074 575 1121 salvi
586 1073 744 1120 erimus
763 1073 817 1119 ab
837 1074 899 1120 ira
917 1091 996 1136 per
1013 1074 1171 1136 ipsum.
1196 1073 1241 1118 Si
1258 1073 1372 1118 enim
1388 1090 1487 1118 cum
1507 1073 1689 1124 inimic'r

298 1168 321 1189 ))
338 1162 539 1201 essemus,
560 1144 827 1190 reconciliati
851 1161 998 1190 sumus
1023 1145 1114 1190 Deo
1138 1160 1217 1206 per
1239 1154 1421 1189 mortem
1444 1143 1540 1192 Filii
1562 1146 1670 1201 ejus,

300 1238 323 1259 >2
337 1216 478 1262 multo
509 1215 644 1274 magis
671 1214 939 1260 reconciliati
964 1213 1072 1259 salvi
1095 1214 1254 1258 erimus
1289 1215 1335 1258 in
1368 1213 1459 1259 vita
1492 1213 1631 1274 ipsius
1659 1229 1669 1256 ι

299 1308 321 1329 >›
338 1304 428 1332 non
447 1284 587 1330 solum
614 1295 755 1330 autem
774 1321 785 1340 ,
810 1284 883 1330 sed
908 1295 949 1330 et
977 1283 1210 1343 gloriantes
1243 1283 1289 1329 in
1310 1284 1401 1328 Deo
1419 1299 1498 1345 per
1518 1283 1674 1327 Domi-

294 1379 317 1401 »
340 1373 446 1403 num
466 1365 664 1400 nostrum
685 1355 833 1400 Jesum
857 1354 1082 1400 Christum
1100 1390 1112 1408 ,
1142 1371 1221 1416 per
1240 1370 1369 1416 quem
1394 1364 1436 1397 et
1460 1370 1577 1402 nuno
1601 1370 1673 1397 re-

294 1449 316 1471 »
340 1425 688 1474 conciliationem
711 1426 974 1489 accepimus.
993 1425 1181 1487 Propter
1197 1424 1284 1469 hoc
1308 1424 1509 1486 sicutper
1536 1440 1672 1468 uuum

295 1519 317 1541 >J
338 1497 560 1543 hominem
584 1506 814 1559 peccatum
840 1498 886 1542 in
907 1496 1032 1541 hunc
1055 1495 1268 1539 mundum
1292 1494 1472 1544 intravit
1490 1530 1500 1548 ‚
1530 1503 1572 1537 et
1597 1509 1674 1555 por

300 1589 322 1611 ³)
341 1577 573 1631 peccatum
606 1583 721 1611 mors
740 1603 751 1622 ,
779 1577 820 1612 et
842 1566 902 1611 ita
935 1566 980 1610 in
1000 1582 1148 1610 omnes
1176 1563 1373 1609 homines
1391 1563 1640 1626 pertransiit
1658 1600 1669 1619 ‚

295 1660 318 1682 »
338 1639 384 1686 in
404 1654 492 1701 quo
518 1653 665 1682 omnes
687 1636 1024 1699 peccaverunt2.
1052 1656 1071 1676 >2
1097 1636 1264 1697 Nempe
1281 1633 1554 1679 manifestum
1579 1644 1668 1689 est,

297 1720 348 1756 ut
368 1710 458 1754 hoc
495 1707 687 1762 diceret,
713 1707 823 1771 quid
863 1708 1020 1767 agebat
1060 1706 1305 1768 Apostolus
1338 1707 1403 1750 Ite
1428 1705 1574 1754 adhuc
1595 1741 1606 1760 ‚
1632 1715 1674 1749 ct

295 1781 404 1827 huic
430 1778 803 1834 reconciliationi,
828 1795 928 1841 quae
951 1778 1000 1823 fit
1022 1794 1100 1840 per
1124 1787 1306 1821 mortem
1340 1775 1436 1829 Filii
1466 1776 1576 1832 Dei,
1598 1777 1673 1838 qui

295 1851 386 1897 sine
406 1859 588 1913 peccato
607 1849 725 1893 venit
746 1849 792 1893 in
816 1848 1030 1894 mundum
1047 1884 1058 1904 ‚
1097 1846 1342 1892 subtrahite
1367 1845 1572 1909 parvulos
1590 1882 1601 1901 ,
1626 1856 1674 1891 ut

295 1931 477 1986 propter
501 1936 600 1964 eum
618 1935 696 1982 per
712 1936 841 1982 quem
861 1930 1095 1983 peccatum
1129 1917 1310 1963 intravit
1339 1917 1385 1962 in
1422 1916 1636 1965 mundum
1658 1953 1669 1972 ,

295 1994 360 2039 ira
382 1990 466 2036 Dei
487 2000 660 2036 maneat
682 2005 812 2052 super
831 2006 917 2036 eos,
950 1988 1070 2045 Quid
1090 1988 1164 2033 hic
1176 1987 1280 2034 facit
1301 1987 1502 2040 imitatio,
1525 2003 1672 2049 quaeso

295 2072 356 2117 te,
380 2060 458 2106 ubi
477 2058 625 2114 audis,
657 2080 677 2100 «
704 2060 815 2104 'Nam
843 2059 1062 2118 judicium
1090 2057 1269 2120 quidem
1292 2074 1340 2101 ex
1365 2073 1453 2101 uno
1483 2056 1528 2101 in
1560 2073 1671 2101 con-

295 2152 320 2175 »
336 2129 675 2185 demnafionem,
699 2130 837 2189 gratia
862 2140 1006 2175 autem
1024 2146 1071 2174 ex
1093 2127 1241 2173 multis
1265 2126 1433 2172 delictis
1450 2127 1495 2172 in
1507 2127 1672 2186 justifi-

296 2200 595 2249 >mationem-⁹¹.
615 2222 636 2242 ›>
664 2200 790 2245 Unde
808 2200 945 2261 gratia
970 2218 1017 2246 ex
1038 2199 1184 2245 multis
1209 2198 1376 2244 delictis
1391 2198 1435 2243 in
1455 2198 1672 2257 justifica-

295 2274 456 2319 tionem
472 2291 484 2325 ς
501 2271 583 2316 nisi
601 2270 703 2334 quia
721 2283 881 2334 praeter
893 2269 1146 2316 unumillud
1162 2269 1352 2328 originis,
1371 2268 1518 2313 addita
1535 2267 1672 2313 multa

288 2360 388 2407 quae
412 2341 541 2387 simul
576 2341 736 2387 deleret
772 2342 971 2388 invenit?
1004 2340 1211 2404 Alioquin
1232 2341 1292 2384 sic
1323 2349 1429 2384 esset
1452 2355 1498 2383 ex
1523 2338 1671 2383 multis

286 2411 611 2466 condemnatio,
631 2429 731 2475 quae
741 2412 940 2458 homines
960 2428 1099 2457 unum
1116 2409 1329 2455 imitando
1343 2408 1667 2461 comniiserant3

285 2483 399 2530 sicut
435 2500 483 2529 ex
520 2481 679 2528 eisdem
717 2483 867 2529 multis
897 2480 1182 2542 justificati0‚
1217 2479 1381 2543 quibus
1413 2479 1600 2528 remissis
1625 2479 1670 2524 in

335 2565 347 2587 ¹
365 2567 460 2598 Joau.
477 2577 533 2609 m,
553 2567 609 2600 36.
627 2563 698 2591 -ἳ
713 2568 809 2600 Rom.
829 2577 861 2603 v,
877 2567 910 2608 8,
930 2570 961 2597 et
983 2575 1072 2609 seqq.
1092 2582 1135 2589 —-
1150 2561 1267 2597 ³1bid.
1295 2565 1348 2598 26.
