1843 3190
362 371 492 402 11111111
527 371 582 402 DE
617 371 781 403 GnA'rxA
815 375 868 405 ET
904 376 1065 407 menno
1101 379 1327 412 ARanio.
1436 367 1528 423 483

172 456 193 477 n
217 435 346 484 catist.
372 437 575 496 Cognitio
595 458 614 478 »
635 436 770 492 dixit,
802 456 891 485 non
911 444 1199 507 consumptio.
1231 445 1420 501 Quando
1450 463 1531 493 au-

173 517 256 552 tem
277 509 496 567 cognoscit
513 508 648 553 homo
668 520 894 571 peccatum
916 547 926 566 ‚
955 513 989 556 si
1023 530 1110 558 non
1135 514 1311 573 adjuvat
1330 517 1464 575 gratia
1488 529 1536 563 ut

173 578 396 637 cognitum
431 589 652 632 caveatur,
680 578 768 624 sine
789 579 928 625 dubio
951 580 1014 625 lex
1033 582 1138 627 iram
1162 595 1379 646 operatur.
1404 585 1538 642 Quod

174 647 258 693 alio
294 648 390 693 loco
412 648 502 710 ipse
533 649 760 711 Apostolus
791 649 922 706 dicit,
950 651 1085 714 ipsius
1112 654 1224 698 enim
1249 656 1380 700 verba
1404 667 1535 701 sunt:

175 739 195 758 «
220 719 305 762 Lex
328 718 436 762 iram
462 719 710 780 oporatur2.
739 742 759 761 >2
791 720 887 765 Hoc
911 732 1052 766 autem
1084 721 1216 778 dixit,
1243 724 1347 786 quia
1371 724 1435 769 ira
1462 725 1541 769 Dei

179 791 317 846 major
338 799 399 832 est
416 788 459 832 in
475 789 808 850 praevaricatore
826 827 837 843 ‚
863 791 938 853 qui
958 808 1037 853 per
1050 791 1183 851 legem
1200 795 1420 853 cognoscit
1438 810 1545 857 pec-

180 867 324 902 catum
344 895 354 911 ‚
375 868 417 903 et
437 868 578 904 tamen
604 858 708 904 facit
734 877 744 904 :
773 860 865 905 talis
891 862 1057 923 quippe
1082 862 1216 907 homo
1234 864 1546 926 praevaricator

179 938 240 972 est
263 927 366 987 legis
382 966 392 984 ,
419 929 532 974 sicut
559 939 599 974 et
622 930 667 974 in
688 929 769 975 alio
792 929 888 975 loeo
918 931 1025 976 dicit
1048 949 1057 976 :
1080 953 1099 973 «
1120 933 1206 977 Ubi
1228 934 1340 978 enim
1365 933 1427 979 lex
1459 951 1546 981 non

182 1020 202 1039 »
226 1009 311 1052 est,
339 1016 417 1044 nec
448 1000 750 1062 praevarivatio
777 1011 850 1047 est.
879 1023 898 1042 >2
924 1002 1109 1064 Propter
1132 1003 1218 1049 hoc
1245 1014 1287 1048 et
1317 1004 1422 1049 alibi
1452 1006 1509 1050 ait
1535 1023 1546 1050 :

181 1090 198 1108 α
223 1070 279 1114 Ut
303 1070 536 1115 serviamus
556 1072 601 1117 in
630 1072 820 1116 novitate
851 1072 1026 1134 spiritus
1044 1110 1054 1127 ‚
1088 1084 1130 1118 et
1156 1090 1245 1118 non
1267 1075 1313 1119 in
1343 1085 1551 1121 vetustate

182 1161 203 1181 ))
228 1139 410 1185 litteraess
434 1158 444 1186 ι
469 1162 490 1181 »
521 1140 655 1200 legem
683 1141 828 1186 volens
865 1142 1046 1202 intelligi
1079 1143 1233 1188 litterae
1268 1154 1547 1201 vetustatem,

181 1211 419 1256 novitatem
452 1228 550 1257 vero
576 1211 752 1273 spiritus
775 1211 883 1273 quid
914 1213 995 1257 nisi
1020 1215 1232 1271 gratiam?
1266 1215 1320 1258 Et
1343 1232 1394 1258 ne
1417 1226 1552 1277 puta-

182 1291 301 1326 retur
329 1297 548 1325 accusasse
584 1280 720 1339 legem
752 1280 817 1325 vel
849 1282 1198 1343 reprehendisse3
1236 1284 1442 1328 continuo
1473 1285 1557 1330 sibi

182 1350 389 1412 opposuit
409 1350 690 1413 quaestionem
710 1387 721 1400 ,
744 1361 785 1395 et
809 1351 867 1395 ait
889 1369 899 1395 :
925 1372 943 1392 α
967 1352 1087 1407 Quid
1105 1369 1204 1411 ergo
1223 1351 1445 1398 dicemus?
1471 1355 1556 1399 Lex

182 1441 203 1462 ))
228 1431 456 1482 peccatum
483 1424 574 1466 est?
597 1420 765 1467 Absitl‘.
789 1442 808 1462 >>
834 1421 999 1466 Deinde
1014 1422 1238 1480 subjunxit
1259 1439 1268 1467 :
1292 1445 1312 1463 «
1338 1423 1424 1468 Sed
1458 1439 1558 1486 pec-

183 1511 204 1531 »
227 1502 373 1536 catum
404 1508 490 1536 non
521 1491 728 1550 cognovi,
768 1491 849 1536 nisi
876 1508 956 1554 per
985 1491 1120 1551 legem
1148 1510 1158 1536 t
1187 1516 1206 1533 »
1230 1492 1318 1538 hoc
1341 1504 1404 1538 est
1431 1493 1554 1556 quod

183 1559 346 1609 dixerat
368 1578 378 1606 ι
401 1583 420 1602 «
445 1565 527 1606 Per
539 1561 674 1620 legem
692 1561 879 1620 cognitio
900 1562 1083 1624 peccati.
1110 1563 1220 1606 Nam
1237 1563 1556 1625 concupiscen-

183 1652 204 1673 »
229 1632 331 1678 tiam
351 1669 361 1685 ‚
379 1631 525 1697 inquit
540 1668 551 1685 ,
574 1632 816 1677 nesciebam
835 1668 846 1687 ‚
866 1632 947 1677 nisi
968 1631 1031 1676 lex
1053 1632 1214 1677 diceret
1234 1649 1245 1677 ι
1267 1633 1365 1677 Non
1389 1647 1558 1678 concu-

185 1722 205 1742 »
230 1701 412 1764 pisces5.
445 1701 684 1747 Occasione
708 1711 850 1746 autem
878 1711 1055 1764 accepta
1079 1712 1306 1764 peccatum
1333 1718 1411 1764 per
1426 1719 1556 1746 man-

186 1791 206 1811 »
231 1770 382 1817 datum
403 1781 630 1833 operatum
664 1780 726 1815 est
754 1771 800 1815 in
829 1788 896 1816 me
924 1787 1095 1815 omnem
1120 1771 1519 1833 concupiscentiam
1540 1788 1550 1815 :

185 1861 206 1882 ))
230 1840 318 1890 sine
341 1841 431 1900 lege
455 1840 568 1886 enim
590 1851 821 1902 peccatum
844 1851 1066 1885 mortuum
1092 1850 1174 1896 est,
1201 1857 1277 1899 ego
1303 1850 1446 1885 autem
1474 1840 1555 1886 ali-

187 1933 207 1953 »
231 1910 408 1975 quando
426 1910 626 1957 vivebam
645 1911 734 1955 sine
754 1910 870 1969 lege;
897 1910 1148 1955 adveniente
1166 1921 1307 1955 autem
1330 1910 1553 1966 mandato,

187 2004 207 2024 ›>
234 1992 464 2045 peccatum
499 1981 650 2027 revixit
665 2018 675 2035 ‚
703 1998 780 2040 ego
802 1991 945 2025 autem
971 1991 1168 2025 mortuus
1187 1997 1281 2025 sum
1301 2017 1311 2035 ‚
1335 1990 1377 2024 et
1398 1980 1555 2025 inven-

186 2074 208 2097 »
232 2062 326 2098 tum
343 2062 405 2097 est
422 2051 532 2096 mihi
548 2050 799 2096 mandatum
819 2049 939 2113 quod
959 2061 1050 2095 erat
1066 2050 1110 2094 in
1129 2050 1261 2096 vitam
1275 2087 1286 2106 ‚
1303 2050 1389 2095 hoc
1405 2066 1490 2094 esse
1510 2049 1556 2094 in

187 2145 208 2167 »
231 2133 413 2168 mortem
430 2157 440 2173 ‚
457 2132 687 2183 peccatum
708 2121 821 2166 enim
837 2121 1059 2165 occasione
1080 2130 1253 2182 accepta
1273 2136 1350 2182 per
1366 2118 1553 2164 manda-

188 2214 209 2236 >>
234 2204 325 2238 tum
343 2191 494 2236 fefellit
517 2208 607 2247 me,
629 2202 670 2236 et
693 2209 770 2254 per
785 2190 895 2236 illud
911 2190 1086 2236 occidit.
1120 2192 1270 2252 Itaque
1288 2189 1350 2234 lex
1376 2188 1553 2251 quidem

189 2285 210 2306 ›>
234 2273 408 2317 sancta,
432 2272 473 2306 et
500 2261 751 2306 mandatum
777 2272 996 2316 sanctum,
1023 2272 1065 2305 et
1084 2264 1252 2319 justum
1269 2297 1279 2315 ,
1300 2269 1342 2304 et
1364 2260 1544 2304 bonum.

189 2355 210 2376 >2
235 2333 366 2390 Quod
394 2349 494 2390 ergo
522 2332 688 2377 bonum
712 2343 798 2387 est,
826 2332 935 2376 mihi
959 2331 1122 2376 factum
1155 2341 1215 2375 est
1240 2331 1381 2374 mors?
1407 2328 1546 2374 Absit.

191 2427 212 2448 »
238 2404 323 2450 Sed
348 2414 574 2467 peccatum
603 2414 648 2448 ut
668 2414 875 2466 appareat
893 2413 1118 2466 peccatum
1133 2439 1143 2457 ,
1164 2418 1242 2464 per
1258 2401 1424 2446 bonum
1442 2399 1553 2443 mihi

190 2497 212 2518 »
237 2485 464 2538 operatum
492 2484 553 2519 est
576 2485 758 2518 mortem
774 2511 785 2529 ,
823 2484 871 2518 ut
895 2474 972 2518 fiat
991 2490 1121 2534 supra
1149 2471 1326 2517 modum
1350 2479 1553 2531 peccator

191 2567 212 2589 ›>
236 2555 312 2592 aut
333 2555 563 2608 peccatum
592 2561 670 2606 per
700 2544 952 2590 mandatum
976 2561 985 2588 ε
1011 2566 1026 2584 »
1050 2543 1104 2587 Et
1128 2541 1181 2587 ad
1208 2540 1380 2586 Galatas
1402 2537 1510 2583 dicit
1536 2553 1549 2582 t

239 2645 249 2667 ¹
270 2647 365 2678 Rom.
385 2656 439 2681 111,
459 2656 512 2677 20.
533 2662 574 2669 —
595 2643 611 2667 ²
627 2645 740 2687 1d.xv‚
767 2646 816 2676 15.
836 2642 905 2669 -3
924 2643 973 2677 Id.
994 2655 1051 2682 111,
1067 2643 1100 2676 6.
1118 2659 1161 2666 -
1179 2637 1291 2672 ⁴1bid.
1312 2650 1342 2681 7,
1361 2642 1392 2668 et
1407 2647 1485 2679 seqq
1509 2652 1553 2659 -

193 2698 206 2723 ⁵
222 2700 321 2736 Exod.
340 2710 394 2741 xx,
415 2709 468 2744 ¹7·
1315 2743 1341 2793 3

1353 2761 1389 2792 l.
