1843 3190
286 302 461 335 CONTRA
493 300 718 335 summunt
753 299 1057 343 PELAGIANUM,
1096 302 1184 336 ΗΒ.
1225 304 1276 337 Ῑῐ.
1367 289 1455 354 175

85 369 194 424 sius,
235 378 490 417 attestantur
526 368 655 415 etiam
699 367 876 423 Sancti,
912 368 1161 431 Cyprianus
1179 405 1190 425 ,
1228 369 1420 416 Hilarius
1437 408 1448 427 ,

85 440 316 500 Gregorius
331 477 341 496 ,
373 440 528 502 aliique
551 455 683 502 quam
708 438 902 502 plurimi.
937 438 1027 496 Qui
1044 456 1144 499 ergo
1163 451 1390 499 generatur
1406 441 1452 486 in

85 509 247 564 Adam,
273 510 586 571 regenerandus
601 510 646 555 in
672 509 873 565 Christo,
906 520 1102 556 mortuus
1123 511 1169 556 in
1195 511 1358 565 Adam,
1379 511 1449 556 vi-

82 581 323 628 vificandus
350 582 396 627 in
425 581 601 627 Christo
617 618 627 635 ,
655 580 752 625 ideo
771 591 952 643 peccato
978 592 1039 626 est
1061 581 1294 627 obstrictus
1318 581 1453 640 origi-

80 651 145 697 nis
160 687 171 706 ,
199 651 301 714 quia
321 651 374 697 de
395 651 509 697 malo
533 650 742 705 nascitur,
772 667 859 713 quo
880 668 980 696 caro
1002 652 1274 713 concupiscit
1295 651 1451 713 adver-

81 737 150 766 sus
180 721 436 784 spiritum1;
462 739 550 767 non
587 721 640 772 de
676 721 818 777 bono,
847 738 935 784 quo
970 721 1147 784 spiritus
1181 722 1453 784 concupiscit

80 791 283 838 adversus
302 810 492 839 carnem.
523 791 642 849 Quid
661 808 761 852 ergo
785 792 944 837 mirum
967 802 1027 837 est
1043 828 1053 847 ,
1075 792 1109 848 si
1132 794 1296 838 renasci
1321 792 1451 837 debet

78 861 212 908 homo
230 880 277 908 ex
303 862 377 909 illo
400 862 515 909 malo
540 873 666 908 natus
681 899 691 917 ,
726 872 874 908 contra
896 862 1016 925 quod
1040 872 1207 925 pugnat
1228 862 1362 907 homo
1382 878 1449 907 re-

76 943 203 978 natus
217 970 228 989 ,
257 950 344 996 quo
365 951 461 980 reus
477 944 518 979 et
540 933 630 997 ipse
648 943 878 987 teneretur,
903 933 985 978 nisi
998 932 1261 978 renascendo
1284 932 1448 978 libera-

75 1006 221 1049 retur?
257 1005 356 1050 Non
393 1015 454 1050 est
485 1004 571 1049 hoc
610 1002 775 1049 malum
802 1003 999 1048 materies
1035 1002 1113 1047 Dei
1136 1003 1347 1057 creantis,
1375 1001 1447 1047 sed

74 1072 232 1119 vulnus
251 1072 415 1130 diaboli
445 1073 645 1118 eamdem
668 1072 888 1118 materiem
914 1073 1116 1118 vitiantis.
1156 1073 1253 1118 Non
1282 1083 1343 1118 est
1361 1072 1448 1117 hoc

73 1143 236 1190 malum
259 1144 514 1208 nuptiarum
530 1181 540 1198 ,
566 1143 638 1189 sed
663 1143 907 1206 primorum
931 1143 1161 1188 hominum
1186 1154 1414 1206 peccatum
1433 1179 1443 1197 ,

71 1213 118 1260 in
147 1225 340 1278 posteros
372 1215 688 1278 propagatione
719 1217 964 1273 trajectum.
1011 1214 1155 1259 Etiam
1184 1213 1318 1273 huJ'us
1344 1211 1448 1258 mali

72 1294 240 1341 reatus,
267 1285 542 1349 baptismatis
571 1284 914 1343 sanctificatione
933 1283 1184 1331 remittitur.
1217 1286 1335 1330 Deus
1366 1299 1446 1332 au-

71 1365 158 1400 tem
180 1359 324 1415 justus
342 1392 354 1412 ,
381 1356 416 1401 si
436 1366 558 1402 tanta
580 1355 775 1433 parvulis
805 1355 920 1401 mala
938 1392 948 1411 ,
975 1365 1138 1432 quanta
1162 1371 1280 1401 nunc
1304 1354 1446 1402 dicere

69 1442 159 1471 non
182 1426 376 1483 sufficio,
406 1426 518 1472 nihil
541 1426 714 1489 peccati
740 1425 1019 1472 trahentibus
1042 1425 1277 1485 irrog,aret
1310 1423 1444 1483 magis

71 1507 300 1573 appareret
326 1464 752 1556 in’justus.Just1t1ae
770 1513 872 1542 vero
898 1494 1089 1559 perfecta
1118 1496 1333 1558 capacitas
1358 1494 1443 1539 ho-

68 1566 196 1611 minis
209 1583 299 1612 non
316 1577 512 1627 neg',atu1
530 1567 633 1630 quia
653 1583 732 1612 nec
751 1566 956 1612 Vitiorum
976 1567 1173 1611 omnium
1191 1565 1441 1628 plenissima

68 1637 226 1693 sanitas
242 1637 324 1682 sub
339 1636 626 1699 omnipotenti
641 1636 810 1682 medico
824 1636 1090 1699 desperatur.
1111 1639 1297 1698 Propter
1310 1651 1367 1698 qu
1375 1651 1442 1679 am

68 1706 331 1752 catholicam
348 1706 571 1753 veritatem
594 1697 731 1752 sancti
748 1723 799 1752 ac
816 1706 935 1751 beati
957 1717 998 1755 et
1021 1706 1067 1751 in
1090 1705 1336 1752 divinorum
1356 1704 1440 1750 elo-

67 1778 270 1839 quiorum
302 1777 640 1840 pertractatione
671 1776 897 1823 clarissimi
922 1776 1166 1822 sacerdotes
1184 1813 1196 1831 ,
1224 1777 1436 1831 Irenaeus,

68 1847 315 1910 Cyprianus
331 1885 342 1902 ,
378 1847 595 1903 Reticius,
624 1848 862 1911 Olympius
878 1884 888 1899 ,
911 1847 1129 1903 Hilarius,
1158 1846 1435 1894 Ambrosius.

69 1918 322 1978 Gregorius,
338 1919 616 1965 Innocentius
631 1955 642 1975 ,
660 1920 685 1964 J
690 1936 846 1964 oannes
864 1956 874 1974 ,
901 1918 1082 1964 Basilius
1097 1955 1108 1974 ,
1139 1918 1301 1981 quibus
1324 1917 1438 1964 addo

67 1989 370 2051 presbyterum
407 1989 510 2035 velis
544 1989 656 2035 nolis
679 1990 1027 2052 Hieronymum,
1057 1999 1106 2034 ut
1138 1988 1335 2033 omittam
1370 2004 1439 2033 eos

67 2058 143 2120 qui
167 2057 363 2104 nondum
387 2059 657 2106 dormierunt
673 2097 684 2117 ,
707 2059 909 2106 adversus
930 2075 1006 2104 vos
1028 2058 1253 2122 proferunt
1270 2057 1323 2103 de
1342 2074 1439 2102 om-

68 2128 191 2173 nium
225 2129 454 2175 hominum
491 2141 674 2193 peccato
718 2129 916 2190 originali
954 2128 1140 2174 obnoxia
1175 2128 1440 2174 successione

69 2199 323 2245 sententiam
345 2217 355 2244 :
380 2200 495 2246 unde
507 2218 635 2246 nemo
655 2200 766 2246 eruit
779 2238 789 2257 ,
807 2200 888 2245 nisi
905 2216 1035 2262 quem
1055 2199 1143 2244 sine
1166 2198 1257 2258 lege
1273 2197 1442 2261 peccati

68 2281 339 2331 repugnante
355 2271 437 2331 legi
462 2273 615 2318 mentis
632 2272 754 2332 virgo
780 2270 997 2333 concepit.

135 2344 336 2390 XXXIV.
379 2345 500 2400 Quid
526 2355 587 2389 est
609 2344 728 2408 quod
755 2344 915 2389 exultas
932 2379 942 2397 ,
965 2341 1136 2387 etmihi
1160 2341 1280 2405 quasi
1303 2341 1444 2386 victor

70 2413 251 2458 insultas
268 2451 278 2470 ,
304 2435 325 2456 «
347 2415 575 2478 Tanquam
601 2433 689 2460 non
716 2414 950 2459 invenirem
972 2411 1080 2476 quid
1115 2411 1298 2457 facerem
1316 2449 1326 2462 ,
1356 2428 1443 2473 quo

72 2482 347 2544 confugerem
363 2522 374 2541 ,
397 2487 428 2531 si
443 2485 643 2545 judicum
665 2502 882 2549 premerer
906 2492 1178 2547 potestestate
1195 2519 1205 2536 ,
1229 2482 1263 2527 si
1281 2482 1324 2526 in
1348 2498 1443 2526 me·-

72 2551 145 2598 dio
165 2555 435 2602 eruditorum
455 2557 730 2603 consisterem
752 2567 893 2602 tecum
910 2592 921 2611 ,
939 2555 975 2600 si
991 2570 1105 2601 verae
1122 2591 1132 2610 ,
1153 2570 1285 2616 quam
1304 2552 1413 2597 dicis
1427 2588 1437 2606 ,

123 2635 132 2657 ¹
148 2636 250 2668 Galat.
266 2648 298 2679 v,
322 2649 372 2678 17.
