1843 3190
251 344 423 376 CONTRA
456 342 682 376 JULIANUM
716 344 1020 384 PELAGIANUM,
1059 344 1145 374 ΠΒ.
1189 345 1246 375 iv.
1323 331 1416 379 305

52 407 216 455 ditione
239 410 444 456 senserint
463 426 572 473 quos
589 409 823 455 nominasti
844 408 1128 473 philosophi,
1152 409 1253 472 quia
1272 421 1313 455 et
1329 411 1418 458 hoc

54 478 110 524 ad
132 480 373 526 naturalem
403 481 593 544 pertinet
621 481 904 543 quaestionem
922 517 933 535 ‚
959 479 1080 544 quod
1107 479 1419 542 qualitercum—

54 566 139 613 que
178 567 303 596 causa
337 551 573 615 poscebat,
628 550 1059 596 commemorandum
1097 551 1287 612 putasti?
1325 551 1425 597 Non

54 620 205 683 utique
227 620 392 677 fecisti,
430 632 472 666 et
501 631 628 667 recte.
663 621 782 677 Quid
816 620 929 665 enim
960 619 1026 664 illi
1063 618 1333 676 didicerant,
1359 621 1429 666 vel

54 691 164 753 quid
186 691 325 737 locuti
349 691 519 737 fuerant
538 691 590 736 de
614 691 758 754 primo
782 690 961 736 homine
986 688 1125 735 Adam
1153 700 1195 734 et
1215 694 1305 750 ejus
1322 708 1429 736 con—

51 764 154 821 juge
168 798 180 817 ,
203 761 257 807 de
276 761 419 825 prima
437 779 586 808 eorum
603 762 963 839 praevaricatione
979 797 991 816 ‚
1015 758 1068 804 de
1086 760 1293 822 serpentis
1311 771 1431 806 astu-

54 831 142 888 tia,
170 832 223 878 de
248 832 443 879 nuditate
458 832 654 895 corporis
674 843 770 877 ante
794 841 1025 895 peccatum
1048 830 1138 875 sine
1158 829 1428 886 confusione,

56 912 98 947 et
122 919 222 948 cum
239 903 488 949 confusione
509 903 717 949 continuo
744 913 844 965 post
859 904 1121 966 peccatum?
1155 901 1275 957 Quid
1304 901 1433 947 deni-

58 989 142 1035 que
167 973 248 1019 tale
265 961 517 1030 audierant,
553 974 681 1037 quale
714 973 826 1019 illud
850 984 912 1018 est
935 971 1054 1033 quod
1075 971 1134 1016 ait
1158 973 1431 1034 Apostolus.

58 1063 81 1084 «
99 1043 183 1088 Per
206 1060 343 1089 unum
369 1045 594 1090 hominem
614 1055 847 1108 peccatum
871 1043 1050 1089 intravit
1066 1043 1111 1087 in
1130 1042 1371 1100 mundum,
1395 1054 1438 1089 et

60 1133 82 1155 2>
97 1130 177 1176 per
199 1124 432 1176 peccatum
456 1132 595 1171 mors,
622 1125 663 1160 et
681 1115 742 1160 ita
766 1115 812 1160 in
836 1131 982 1160 omnes
1009 1113 1207 1158 homines
1227 1124 1438 1175 pertran-

59 1204 81 1225 »
99 1183 196 1240 siit,
218 1184 264 1229 in
284 1201 372 1248 quo
397 1202 543 1230 omnes
571 1183 925 1247 peccaverunt1‘?
947 1205 967 1224 »
991 1183 1161 1228 Harum
1193 1182 1438 1229 litterarum

59 1253 124 1299 illi
142 1265 269 1318 atque
292 1257 429 1317 hujus
450 1256 642 1302 veritatis
665 1266 855 1319 expertes
872 1292 882 1312 ,
919 1253 1026 1319 quid
1047 1253 1100 1299 de
1121 1253 1206 1299 hac
1227 1271 1272 1300 re
1292 1271 1442 1317 sapere

59 1330 326 1387 potuerunt.3
365 1328 525 1374 Verum
556 1327 590 1372 si
629 1326 681 1372 dc
721 1327 914 1372 hominis
950 1324 1200 1371 conditione
1237 1324 1444 1384 dogmata

60 1395 291 1442 hominum
312 1415 336 1443 a
359 1398 488 1443 sacris
508 1396 683 1443 Litteris
701 1397 856 1442 nostris
876 1395 1208 1441 abhorrentium
1232 1395 1344 1440 nihil
1361 1399 1446 1455 ju-

63 1465 217 1513 dicasti
239 1485 325 1514 esse
347 1467 602 1532 ponendum
620 1504 631 1523 ,
665 1478 706 1512 et
740 1467 975 1513 rectissime
997 1465 1205 1525 judicasti
1229 1483 1239 1510 :
1277 1475 1446 1528 quanto

62 1536 206 1583 minus
222 1548 264 1583 te
282 1555 384 1601 quae
404 1538 587 1601 posuisti
612 1537 818 1597 adjuvare
838 1546 1100 1600 potuerunt,
1125 1535 1233 1598 quid
1251 1535 1304 1581 de
1324 1536 1447 1599 prin-

64 1607 191 1670 cipiis
223 1607 378 1653 mundi
414 1609 545 1668 hujus
584 1607 766 1654 visibilis
799 1608 1029 1661 senserint,
1073 1605 1189 1651 unde
1223 1607 1335 1651 inter
1367 1623 1446 1652 nos

63 1677 184 1723 nulla
208 1677 391 1741 quaestio
414 1680 625 1724 vertitur?
666 1676 751 1723 Sed
779 1695 897 1723 mens
922 1688 998 1722 tua
1032 1676 1206 1739 potius,
1235 1686 1447 1739 tanquam

63 1764 272 1808 magnum
291 1747 458 1812 aliquid
479 1748 532 1794 de
562 1747 932 1811 philosophorum
967 1746 1092 1792 libris
1111 1745 1338 1802 didiceris,
1352 1749 1448 1805 jac-

65 1819 217 1865 tantiae
243 1819 433 1865 vanitate
456 1819 739 1866 subvertitur.

131 1890 380 1936 LXXVIII.
438 1889 653 1935 Videntur
687 1900 830 1936 autem
871 1907 960 1935 non
996 1888 1157 1934 frustra
1195 1889 1447 1935 christianae

67 1960 171 2006 fidei
193 1960 530 2024 propinquasse,
558 1960 637 2024 qui
659 1959 792 2006 vitam
812 1960 939 2006 istam
962 1959 1145 2005 fallaciae
1174 1959 1450 2023 miserieeque

67 2031 361 2094 plenissimam
385 2031 663 2095 non-opinati
696 2043 798 2077 sunt
825 2032 906 2077 nisi
935 2031 1085 2077 divino
1103 2031 1277 2090 Judicio
1301 2031 1448 2077 conti—

69 2102 174 2161 gisse
193 2139 204 2156 ,
225 2101 463 2147 tribuentes
484 2102 634 2164 utique
656 2102 868 2161 Justitiam
894 2101 1149 2157 Conditori,
1187 2119 1210 2146 a
1234 2117 1324 2164 quo
1352 2100 1451 2147 fac-

0 2190 2 2200 *
69 2182 140 2217 tus
176 2183 239 2218 est
260 2183 303 2218 et
332 2172 659 2218 administratur
700 2173 776 2218 hic
809 2173 1014 2220 mundus.
1061 2173 1242 2229 Quanto
1283 2189 1384 2233 ergo
1411 2184 1454 2219 te

69 2242 224 2288 melius
239 2244 496 2306 veritatique
521 2243 703 2289 vicinius
725 2243 778 2289 de
794 2244 1025 2290 hominum
1051 2243 1328 2303 generatione
1354 2261 1455 2290 sen-

71 2323 242 2370 serunt,
270 2329 380 2377 quos
405 2313 558 2358 Cicero
576 2314 623 2358 in
646 2314 842 2359 extremis
875 2314 1077 2377 partibus
1105 2314 1330 2360 Hortensii
1355 2314 1457 2360 dia-

71 2381 160 2442 logi
195 2383 313 2429 velut
346 2384 442 2447 ipsa
480 2400 624 2429 rerum
663 2383 877 2430 evidentia
915 2384 1075 2430 ductus
1112 2384 1458 2450 compulsusque

75 2458 418 2500 commemorat?
453 2455 565 2500 Nam
591 2471 690 2501 cum
715 2455 854 2500 multa
887 2472 990 2519 quae
1012 2455 1213 2503 videmus
1243 2467 1284 2502 et
1317 2455 1459 2514 gemi-

74 2540 195 2581 mus,
221 2524 274 2570 de
297 2525 529 2571 bominum
556 2526 746 2572 vanitate
772 2537 899 2589 atque
930 2526 1185 2573 infelicitate
1219 2524 1419 2573 dixisset2
1441 2542 1455 2569 :

78 2614 100 2636 <c
117 2595 179 2639 Ex
203 2595 365 2659 quibus
387 2595 595 2642 humanae
613 2633 625 2652 ,
655 2596 800 2660 inquit
815 2635 827 2654 ,
856 2598 958 2644 vitae
976 2598 1205 2646 erroribus
1232 2608 1275 2644 et
1295 2612 1459 2642 aerum-

123 2677 135 2700 ¹
152 2679 246 2709 Rom.
266 2690 296 2716 v,
314 2689 327 2708 1
338 2689 369 2712 2.
383 2693 429 2701 —
441 2676 457 2700 2
470 2677 579 2712 Cicero
598 2678 631 2710 in
649 2680 831 2712 Hortensio.

240 2745 372 2778 extu.
1275 2748 1332 2779 ρο
