1843 3190
261 307 435 338 CONTRA
471 306 694 340 summum
729 308 1035 349 PELAGIANUM,
1074 310 1161 342 Lm.
1203 310 1253 342 11.
1347 295 1435 346 165

0 396 1 400 ¹
67 386 159 421 tum
196 374 469 437 Cyprianum
511 385 584 420 aut
620 392 797 420 avarum
830 376 1115 421 existimemus
1151 376 1302 432 fuisse,
1333 379 1438 440 quia

65 462 164 491 cum
195 445 406 504 avaritia3
453 456 526 489 aut
560 444 835 507 impudicum
858 482 868 501 ,
918 445 1020 508 quia
1050 463 1150 490 cnm
1192 446 1436 508 impudici-

65 516 121 561 tia
138 529 156 568 ';
195 525 267 560 aut
304 515 380 560 irae
425 514 648 560 subditum
674 552 683 569 ,
731 517 833 578 quia
868 533 970 561 cum
1019 517 1080 561 ira
1104 537 1115 569 ;
1170 527 1245 561 aut
1287 517 1434 562 ambi-

65 587 219 632 tiosum
239 624 248 640 ,
296 586 398 649 quia
439 602 538 630 cum
584 587 819 631 ambitione
841 606 851 639 3
906 597 980 631 aut
1027 586 1241 631 carnalem
1270 623 1281 643 ,
1330 588 1436 650 quia

64 673 162 702 cum
213 656 460 700 carnalibus
495 656 608 700 vitiis
631 677 641 708 ;
687 667 759 700 aut
804 656 953 701 szeculi
993 656 1124 715 hujus
1169 667 1404 702 amatorem
1420 694 1433 712 ,

33 771 41 778 ,
62 726 164 789 quia
184 742 285 770 cum
316 725 529 770 illecebris
557 725 839 770 saecularibus
861 746 871 778 ;
900 737 973 770 aut
993 725 1274 770 libidinosum
1295 762 1305 781 ,
1334 726 1439 789 quia

0 831 10 838 .
68 813 170 841 cum
195 795 405 848 libidine3
445 807 517 840 aut
544 797 808 858 superbum,
839 797 939 859 quia
973 813 1072 841 cum
1105 795 1336 858 superbia3
1363 806 1439 841 aut

0 897 6 908 .
60 865 328 910 vinolentum
349 902 358 920 ,
389 866 492 928 quia
521 883 621 911 cum
659 866 925 919 vinolenti33
964 878 1037 911 aut
1076 865 1276 910 invidum
1294 903 1305 922 ,
1333 866 1437 929 quia

61 952 160 980 cum
179 935 342 980 invidia
361 936 640 995 confligebat.
668 938 762 981 Imo
790 953 888 981 vero
908 936 1004 980 ideo
1025 935 1137 981 nihil
1159 952 1308 980 eorum
1323 945 1432 990 erat,

4 1050 9 1068 9
61 1005 161 1067 quia
185 1005 252 1049 his
278 1004 399 1049 malis
416 1006 607 1050 motibus
624 1006 784 1067 partim
806 1005 858 1050 de
879 1006 1058 1064 origine,
1082 1005 1243 1067 partim
1263 1004 1316 1049 de
1335 1021 1438 1049 con-

60 1075 285 1120 suetudine
305 1075 577 1120 venientibus
596 1112 607 1131 ,
630 1076 798 1120 fortiter
820 1077 1043 1120 resistebat
1064 1112 1074 1130 ,
1122 1091 1210 1119 non
1238 1074 1438 1137 acquies-

60 1161 158 1190 cens
176 1162 261 1189 esse
280 1180 290 1199 ,
329 1145 447 1207 quod
473 1162 573 1190 eum
602 1162 688 1190 esse
713 1145 940 1204 cogebant.
973 1147 1062 1190 *Nec
1096 1144 1193 1189 ideo
1218 1155 1363 1188 tamen
1387 1144 1434 1188 in

61 1225 148 1259 tam
184 1214 426 1277 periculoso
455 1215 760 1278 laboriosoque
785 1215 1020 1260 certamine
1055 1215 1176 1259 nullo
1199 1213 1280 1258 telo
1304 1213 1434 1258 ferie-

56 1285 188 1330 batur
222 1285 392 1339 hostili;
422 1302 522 1330 cum
549 1286 667 1332 dicat
700 1286 745 1330 in
769 1285 963 1348 Epistola
989 1284 1041 1330 de
1065 1283 1355 1346 Eirenosj‘nis
1372 1282 1389 1311 1
1413 1301 1424 1328 ι

60 1377 78 1394 «
100 1356 162 1400 'Ne
186 1356 417 1418 quisquam
449 1356 509 1401 sic
534 1357 617 1402 sibi
646 1357 698 1401 de
723 1373 834 1419 puro
861 1367 992 1418 atque
1026 1355 1306 1400 immaculato
1326 1370 1435 1416 pec-

61 1437 148 1470 tore
172 1426 438 1481 blandiatur,
461 1437 508 1471 ut
525 1427 771 1473 innocentia
796 1444 871 1472 sua
888 1426 1042 1482 fretus,
1067 1425 1326 1470 medicinam
1345 1440 1434 1468 non

57 1507 182 1558 putet
203 1495 498 1541 adhibendam
518 1514 604 1542 esse
624 1497 878 1542 vulneribus
898 1533 909 1551 ,
949 1513 1050 1541 cum
1084 1495 1311 1557 Scriptum
1344 1493 1428 1547 sit,

57 1587 76 1606 «
97 1566 206 1621 Quis
227 1566 484 1625 gloriabitur
505 1577 671 1611 castum
695 1584 736 1611 se
761 1566 923 1611 habere
942 1582 1034 1616 cor,
1057 1575 1130 1609 aut
1149 1564 1246 1626 quis
1266 1561 1430 1622 gloria-

59 1657 78 1676 »
95 1636 217 1680 bitur
239 1636 452 1681 mundum
469 1653 510 1680 se
528 1653 612 1682 esse
637 1655 659 1681 a
680 1636 913 1699 peccatis2.
934 1657 954 1677 >³
971 1637 1025 1679 Et
1047 1635 1221 1688 iterum,
1245 1633 1290 1677 in
1308 1631 1435 1694 Epis-

59 1705 142 1751 tola
166 1722 242 1751 sua
259 1743 269 1762 ,
291 1706 458 1769 inquit,
498 1706 687 1751 Joannes
707 1716 842 1769 ponat
867 1716 909 1750 et
930 1705 1062 1758 dicat,
1091 1725 1110 1744 c<
1133 1703 1178 1749 Si
1202 1702 1434 1748 dixerimus

57 1798 78 1818 »
99 1777 203 1840 quia
226 1787 453 1839 peccatum
473 1793 561 1821 non
581 1776 796 1821 habemus
813 1813 824 1831 ,
861 1793 937 1821 nos
960 1775 1077 1837 ipsos
1094 1773 1338 1836 decipimus
1354 1808 1365 1827 ‚
1391 1781 1435 1816 et

58 1847 250 1891 »veritas
286 1846 333 1891 in
366 1846 492 1891 nobis
529 1863 618 1891 non
654 1856 716 1890 est
732 1845 764 1892 3.
790 1867 810 1887 υ
838 1846 883 1890 Si
916 1857 1056 1890 autem
1081 1860 1207 1888 nemo
1235 1858 1321 1887 esse
1343 1840 1434 1886 sine

56 1927 237 1980 peccato
254 1926 419 1979 potest,
436 1927 478 1961 et
496 1916 691 1979 quisquis
713 1933 754 1961 se
770 1916 1046 1978 inculpatum
1067 1931 1152 1959 esse
1170 1912 1339 1966 dixerit,
1360 1922 1436 1956 aut

57 1987 270 2050 superbus
286 2023 297 2041 ,
325 1997 400 2031 aut
427 1986 583 2031 stultus
606 1997 666 2031 est
687 2006 698 2040 ;
731 2003 864 2049 quam
904 1984 1141 2030 necessaria
1160 2020 1171 2038 ,
1198 1998 1330 2045 quam
1350 1981 1432 2025 be-

58 2058 185 2116 nigna
211 2066 272 2101 est
299 2055 446 2102 divina
469 2056 714 2111 clementia,
735 2073 834 2118 quae
852 2072 953 2101 cum
973 2054 1080 2100 sciat
1098 2070 1188 2098 non
1207 2052 1348 2097 deesse
1362 2068 1433 2095 sa-

57 2127 166 2172 natis
185 2126 388 2188 quaedam
411 2126 694 2188 postmodum
710 2125 906 2180 vulnera,
925 2124 1046 2170 dedit
1066 2121 1272 2169 curandis
1291 2121 1433 2166 denuo

56 2196 341 2259 sanandisque
371 2195 625 2241 vulneribus
661 2195 851 2241 remedia
885 2194 1100 2240 salutaria.
1133 2214 1153 2234 >³
1196 2193 1234 2238 O
1278 2191 1433 2237 doctor

56 2266 383 2331 praeclarissime
401 2276 442 2310 et
462 2266 576 2310 testis
597 2265 914 2325 gloriosissime,
941 2265 1001 2310 sic
1027 2262 1232 2316 docuisti,
1253 2261 1313 2307 sic
1335 2277 1432 2306 mo-

0 2348 1 2352 ’
56 2337 206 2391 nuisti,
231 2337 291 2381 sic
312 2347 352 2381 te
377 2335 644 2380 audiendum
668 2334 1016 2397 imitandumque
1047 2331 1291 2397 praebuisti.
1332 2332 1431 2376 Me-

56 2407 139 2452 rito
163 2406 295 2451 finitis
315 2406 407 2451 aliis
426 2406 622 2451 omnium
657 2404 952 2468 cupiditatum
974 2402 1283 2449 certaminibus
1302 2418 1433 2446 sana--

0 2505 1 2510 =
59 2477 196 2539 tisque
215 2476 485 2531 vulneribus,
513 2492 614 2521 cum
638 2486 823 2522 extrema
840 2486 881 2521 et
904 2476 1101 2520 omnium
1123 2472 1309 2518 maxima
1332 2471 1435 2516 vitae

57 2547 192 2606 hujus
216 2544 457 2609 cupiditate
475 2583 486 2602 ,
514 2563 595 2609 pro
621 2546 786 2592 Christi
816 2545 994 2592 veritate
1017 2542 1248 2608 pugnasti,
1283 2552 1325 2587 et
1344 2544 1434 2599 eJ'us

106 2629 117 2650 ¹
136 2627 205 2660 Lib.
223 2627 263 2660 de
281 2631 388 2672 Opere
406 2634 436 2660 et
451 2629 607 2660 Eleemos.
621 2646 664 2652 —
678 2627 694 2650 2
716 2627 810 2661 Prov.
827 2639 881 2668 xx,
897 2639 929 2670 9.
949 2646 994 2677 '‘'.
1008 2625 1022 2650 3
1048 2639 1060 2658 1
1082 2629 1178 2660 Joan.
1202 2636 1233 2667 ι,
1257 2625 1290 2658 8.
