1843 3190
131 264 308 298 CONTRA
341 262 458 294 DUAS
492 260 733 293 EPISTOLAS
772 260 1140 302 PELAGIANORUM,
1179 261 1267 292 LIB.
1313 261 1372 291 1v.
1446 245 1509 308 39

129 343 171 379 et
193 353 214 375 «
235 330 368 389 Quod
388 329 616 376 Christum
638 327 880 382 Dominum
898 327 1018 374 nulla
1040 326 1196 372 dicunt
1212 326 1382 371 macula
1403 344 1504 389 pec-

129 403 218 448 cati
253 401 381 448 fuisse
408 413 682 462 respersum,
720 409 936 461 quantum
971 397 1121 443 attinet
1144 395 1200 441 ad
1233 399 1326 455 ejus
1358 396 1509 441 infan-

128 472 267 519 tiam:
293 493 313 514 >2
346 471 450 535 quia
480 473 570 529 ejus
600 485 775 514 carnem
805 469 861 514 ab
897 468 1017 514 omni
1053 466 1221 531 peccati
1252 466 1508 524 contagione

124 543 401 606 purissimam
419 577 431 597 ‚
451 556 539 585 non
561 537 816 584 excellentia
838 538 1019 602 propria
1043 548 1086 583 et
1112 537 1248 596 gratia
1265 535 1471 595 singulari
1490 573 1503 593 ,

127 612 200 658 sed
219 611 524 658 communione
544 619 713 654 naturae
732 646 742 665 ‚
765 626 866 672 quae
885 609 1090 654 omnibus
1106 608 1216 653 inest
1235 605 1475 651 infantibus
1490 644 1502 663 ,

127 692 379 729 asseverant.
405 681 467 725 Eo
486 679 676 742 pertinet
690 680 818 725 etiam
835 716 847 735 ‚
868 679 988 742 quod
1009 700 1029 720 ε(
1051 679 1113 722 De
1131 677 1288 722 animae
1306 676 1469 735 origine
1485 699 1507 719 >2

125 752 319 798 inserunt
341 750 626 812 quaestionem
644 786 656 805 ,
686 750 748 795 sic
779 749 933 795 animae
966 747 1131 794 Christi
1154 762 1382 809 coaequare
1407 764 1507 792 mo·-

124 821 274 867 lientes
293 837 440 867 omnes
464 819 628 865 animas
644 819 934 882 parvulorum
951 856 962 874 ‚
987 835 1094 882 quas
1111 816 1266 863 volunt
1289 833 1374 861 csse
1393 817 1510 863 simi-

124 890 223 937 liter
244 890 365 946 nulla
395 889 568 954 peccati
591 889 765 935 macula
788 906 991 953 aspersas,
1035 890 1222 950 Propter
1257 886 1344 932 hoc
1379 887 1509 933 etiam

125 960 280 1006 dicunt
307 978 318 1004 z
356 980 382 1001 (ι
398 961 460 1004 Ex
486 959 627 1005 Adam
663 959 778 1005 nihil
813 959 916 1005 mali
950 959 1150 1004 transisse
1182 974 1262 1020 per
1297 967 1505 1013 caeteros,

124 1031 206 1076 nisi
239 1040 457 1076 mortem:
486 1045 586 1092 quae
622 1046 711 1074 non
749 1046 919 1093 semper
952 1039 1014 1074 est
1039 1028 1203 1073 malum
1224 1064 1235 1083 ‚
1270 1027 1505 1090 inquiunt,

125 1117 227 1146 cum
249 1110 292 1145 et
311 1099 580 1161 martyribus
604 1099 657 1144 sit
683 1116 811 1145 causa
836 1099 1122 1162 praemiorum
1142 1134 1154 1154 ‚
1186 1108 1228 1142 et
1250 1097 1318 1143 vel
1345 1098 1509 1143 bonam

125 1170 192 1216 vel
215 1169 374 1215 malam
393 1169 482 1215 dici
504 1168 637 1214 faciat
651 1207 663 1226 ,
690 1186 779 1215 non
800 1168 1006 1215 resolutio
1024 1183 1265 1232 corporum
1280 1204 1291 1224 ‚
1312 1183 1412 1228 quae
1433 1184 1508 1212 ex-

125 1241 380 1287 citabuntur
422 1240 469 1285 in
509 1239 628 1284 omni
649 1256 814 1299 genere
845 1239 1076 1284 hominum
1096 1275 1107 1294 ,
1143 1237 1217 1283 sed
1255 1237 1508 1283 meritorum

125 1311 376 1367 diversitas,
402 1327 503 1374 quae
536 1309 589 1355 de
621 1310 816 1355 humana
849 1310 1051 1355 libertate
1087 1307 1317 1367 contingit.
1342 1329 1363 1349 »
1400 1309 1510 1359 Haec

125 1382 324 1428 scribunt
346 1381 393 1427 in
412 1381 498 1427 hac
519 1380 701 1444 epistola
720 1381 774 1426 de
794 1380 925 1426 laude
947 1391 1170 1427 creaturae.

194 1461 242 1497 2⁰
264 1452 451 1513 Nuptias
469 1468 569 1496 vero
585 1451 824 1496 secundum
845 1448 1292 1513 Scripturassslaudant
1313 1468 1324 1493 ι
1351 1470 1371 1491 <‹
1394 1449 1511 1504 Quia

127 1521 339 1566 Dominus
371 1520 418 1566 in
452 1520 687 1580 Evangelio
722 1521 954 1583 loquitur:
996 1520 1128 1577 «Qui
1158 1519 1262 1565 fecit
1298 1519 1353 1564 ab
1385 1518 1510 1564 initio

125 1611 147 1633 >³
164 1591 407 1637 masculum
425 1601 465 1636 et
484 1590 709 1637 foeminam
735 1591 839 1637 fecit
861 1609 930 1636 eos
948 1628 959 1648 ‚
991 1602 1034 1636 et
1053 1591 1160 1636 dixit
1180 1608 1191 1635 :
1219 1590 1406 1636 Crescite
1426 1626 1436 1642 ,
1468 1600 1510 1635 et

125 1683 144 1704 »
164 1661 543 1724 multiplicamini,
566 1672 607 1707 et
625 1661 788 1724 replete
809 1672 965 1707 terram
978 1661 1011 1708 1.
1037 1682 1056 1703 ν
1087 1661 1298 1723 Quamvis
1316 1660 1403 1705 hoc
1421 1676 1510 1705 non

125 1732 170 1778 in
193 1749 242 1777 eo
278 1732 374 1778 loco
406 1731 657 1791 Evangelii,
699 1732 773 1777 sed
810 1743 954 1777 tamen
985 1732 1033 1777 in
1061 1731 1152 1791 lege
1188 1731 1241 1777 sit
1276 1731 1503 1794 scriptum.

127 1801 309 1847 Addunt
328 1801 456 1847 etiam
480 1819 491 1847 :
517 1824 538 1843 c<
557 1801 691 1858 Quod
709 1819 809 1862 ergo
834 1802 951 1847 Deus
980 1802 1235 1862 conjunxit,
1258 1801 1394 1846 homo
1421 1818 1510 1846 non

126 1893 147 1914 >>
164 1872 378 1935 separet2.
403 1893 425 1914 »
450 1872 564 1928 Quae
586 1872 718 1918 verba
743 1872 1005 1932 Evangelica
1031 1873 1316 1932 agnoscimus.

191 1943 242 1988 3ο
267 1943 320 1988 In
356 1941 484 1988 laude
505 1941 610 2003 legis
630 1942 787 1988 dicunt
806 1940 861 1987 a«
880 1943 1077 1988 Veterem
1106 1942 1244 2002 legem
1269 1941 1511 1988 secundum

127 2013 386 2077 Apostolum
398 2017 560 2073 justam
585 2024 626 2059 et
644 2024 839 2059 sanctam
862 2024 904 2059 et
923 2013 1084 2059 bonam
1099 2013 1135 2070 3,
1157 2012 1508 2059 custodientibus

125 2083 330 2130 mandata
350 2100 426 2129 sua
443 2121 455 2140 ‚
485 2101 535 2129 ac
560 2100 640 2147 per
660 2083 794 2129 fidem
821 2087 936 2144 juste
965 2084 1238 2140 viventibus,
1266 2083 1379 2128 sicut
1400 2087 1512 2128 Pro-

125 2152 271 2216 phetis
293 2165 336 2199 et
354 2154 622 2199 Patriarchis
639 2154 930 2218 omnibusque
956 2155 1115 2200 sanctis
1132 2191 1143 2210 ‚
1166 2154 1298 2200 vitam
1322 2154 1513 2215 potuisse

125 2223 325 2271 conferre
343 2235 620 2288 perpetuam.
652 2245 672 2266 »

191 2295 239 2351 4⁰
254 2295 307 2340 In
322 2294 450 2341 laude
468 2294 597 2339 liberi
611 2293 783 2340 arbitrii
796 2294 951 2340 dicunt
967 2312 978 2340 :
997 2315 1017 2336 c<
1036 2294 1246 2339 Liberum
1276 2292 1509 2339 arbitrium

125 2365 215 2411 non
242 2364 418 2428 periisse
435 2401 447 2419 ‚
483 2381 582 2410 cum
608 2364 816 2427 loquatur
846 2365 1062 2411 Dominus
1092 2382 1170 2428 per
1201 2364 1472 2428 Prophetam
1496 2380 1508 2408 z

125 2456 147 2477 «
172 2434 220 2480 Si
248 2435 474 2482 ‘volueritis
504 2445 546 2480 et
577 2435 798 2481 audieritis
835 2453 903 2482 me
921 2474 932 2494 ,
970 2452 1071 2500 quae
1099 2436 1218 2481 bona
1259 2445 1361 2481 sunt
1389 2445 1516 2480 terrae

127 2525 149 2555 ρ)
164 2504 321 2561 edetis;
347 2506 383 2555 si
403 2505 628 2552 nolueritis
645 2516 687 2552 et
707 2523 796 2552 non
820 2507 1042 2560 audieritis
1060 2544 1071 2564 ‚
1096 2506 1264 2567 gladius
1283 2523 1360 2553 vos
1376 2522 1517 2551 come-

125 2586 186 2632 {2⁷⁷¹
204 2587 322 2624 Matth.
337 2596 406 2628 xlx,
421 2593 454 2628 4,
467 2594 499 2620 et
517 2590 599 2621 Gen.
618 2599 648 2627 1,
667 2589 721 2623 28,
736 2605 780 2612 -—
795 2587 873 2625 21d‚
896 2601 967 2629 xxx,
989 2591 1024 2622 6.
1045 2607 1091 2614 --
1109 2587 1123 2612 3
1142 2593 1237 2623 Rom.
1257 2599 1324 2628 v11,
1343 2599 1397 2619 12.
