1843 3190
369 305 431 352 36
789 317 825 347 s.
868 313 1113 346 AUGUSTINI
1147 312 1350 344 EPISCOPI

368 383 523 431 litteris
544 381 751 443 legerint,
779 381 937 428 nescio.
969 379 1083 437 Quia
1102 379 1178 425 etsi
1197 379 1370 425 invenio
1395 396 1417 424 a
1437 377 1664 424 catholicis
1687 376 1740 422 de

368 455 455 501 hac
472 471 518 500 re
539 453 704 517 aliquid
722 453 935 515 scriptum
946 471 957 510 3
979 450 1176 496 nondum
1194 460 1346 496 contra
1362 449 1464 495 istos
1481 448 1621 494 fuerat
1633 447 1742 495 veri-

369 526 469 570 tatis
491 534 689 587 suscepta
713 522 923 579 defensio,
952 538 1092 584 neque
1110 521 1156 566 id
1181 521 1390 580 agebatur
1414 531 1463 565 ut
1491 519 1549 564 eis
1569 535 1744 582 respon-

369 593 554 640 deretur.
588 593 672 639 Sed
691 593 777 639 hoc
801 592 900 638 dico
919 629 929 648 ‚
966 602 1055 637 tam
1085 591 1358 637 manifestum
1383 607 1468 636 esse
1504 589 1744 635 secuudum

370 665 620 728 Scripturas
642 674 809 709 sanetas
831 662 1038 723 originale
1057 673 1306 726 peceatum,
1331 661 1559 724 atque-hoc
1581 659 1744 706 dimitti

367 733 541 781 lavacro
559 734 890 794 regenerationis
922 734 968 778 in
991 733 1183 796 parvulis
1202 770 1212 789 ‚
1244 743 1364 778 tanta
1390 732 1490 777 fidei
1513 731 1744 777 catholicae

369 804 627 866 antiquitate
644 815 774 867 atque
798 805 1052 849 auctoritate
1076 804 1294 848 firmatum
1311 841 1320 858 ‚
1347 814 1431 848 tam
1456 802 1571 848 clara
1597 800 1745 846 Eccle-

367 874 441 919 siae
459 874 707 919 celebritate
736 875 1034 929 notissimum,
1066 884 1113 917 ut
1144 873 1363 935 quidquid
1385 873 1437 917 de
1473 873 1628 917 animae
1653 871 1745 916 ori-

367 944 465 1004 gine
484 945 717 1004 cuiuslibet
736 944 1015 1007 inquisitione
1039 943 1107 988 vel
1132 944 1417 988 affirmatione
1446 942 1689 997 disseritur,
1712 941 1745 985 si

368 1023 522 1059 eontra
541 1015 628 1059 hoc
646 1015 700 1059 sit
716 1050 726 1070 ‚
748 1030 898 1060 verum
923 1030 1008 1058 esse
1031 1030 1120 1058 non
1146 1014 1293 1076 possit.
1325 1014 1608 1076 Quapropter
1631 1011 1747 1074 quis-

368 1083 465 1146 quis
488 1083 556 1129 vel
578 1084 631 1129 de
650 1085 819 1139 anima,
845 1083 913 1128 vel
939 1082 993 1127 de
1020 1100 1297 1146 quacumque
1320 1099 1364 1127 re
1393 1083 1580 1127 obscura
1600 1080 1646 1126 id
1671 1079 1747 1124 ad-

367 1154 493 1198 struit
512 1190 523 1209 ,
550 1154 665 1199 unde
688 1154 775 1199 hoc
796 1153 916 1216 quod
941 1154 1233 1209 verissimum,
1256 1152 1614 1198 fundatissimum
1631 1188 1641 1207 ,
1666 1167 1722 1195 no
1740 1177 1749 1185 ι

367 1223 579 1269 tissimum
600 1235 684 1281 est,
711 1224 927 1279 destruat,
966 1224 1052 1269 sive
1088 1224 1140 1269 sit
1166 1224 1238 1269 ille
1262 1223 1378 1268 filius
1394 1260 1404 1278 ‚
1429 1223 1516 1269 sive
1544 1221 1748 1267 inimicus

368 1293 573 1339 Ecclesiae
592 1331 602 1349 ‚
628 1305 701 1340 aut
719 1294 997 1354 corrigendus
1022 1304 1083 1339 est
1102 1331 1112 1349 ,
1137 1305 1211 1339 ant
1229 1292 1465 1340 cavendus,
1497 1291 1675 1338 sedhic
1694 1290 1748 1334 sit

367 1361 502 1422 hujus
525 1364 757 1410 voluminis
787 1364 884 1410 finis
906 1400 916 1419 ,
945 1374 994 1409 ut
1019 1363 1138 1410 aliud
1162 1364 1356 1410 habeant
1380 1379 1481 1426 quae
1505 1370 1749 1425 sequuntur

367 1432 605 1480 exordium.
1386 1449 1388 1452 ’
