1843 3190
335 210 398 271 94
753 221 788 251 s.
831 218 1075 263 incusum
1110 217 1314 260 Episcopi

330 287 506 349 virginis
523 297 654 351 partu
673 301 805 350 supra
829 286 972 331 dictus
989 284 1224 330 insinuaret
1243 282 1473 345 episcopus
1501 298 1512 326 ε
1537 301 1557 325 α
1576 280 1703 338 Ideo,

333 360 476 422 inquit
499 358 536 415 1,
563 369 605 403 et
627 358 749 421 quasi
779 357 912 402 homo
944 373 1021 418 per
1040 356 1237 401 universa
1257 363 1445 410 tentatus
1477 362 1540 409 est
1556 389 1566 407 ‚
1597 362 1639 407 et
1663 353 1709 397 in

334 429 616 487 similitudine
641 428 869 478 hominum
889 437 1046 474 cuncta
1071 425 1291 480 sustinuit,
1315 422 1388 468 sed
1409 422 1531 485 quasi
1555 421 1608 479 de
1623 421 1710 485 spi-

335 500 422 545 ritu
441 510 567 544 natus
585 495 794 542 abstinuit
818 514 841 541 a
859 506 1054 559 peccato.
1087 516 1106 536 α
1126 494 1280 540 Omnis
1298 492 1412 541 enim
1432 492 1565 537 homo
1585 508 1710 536 men-

339 592 360 612 »
385 569 467 623 dax
483 570 521 625 2,
540 591 559 609 »
583 579 624 612 61
642 583 768 612 nemo
784 566 872 611 sine
889 575 1069 628 peccato
1091 565 1172 609 nisi
1190 580 1301 609 unus
1323 563 1453 608 Deus.
1483 562 1712 612 Servatum

339 657 424 686 esse
446 639 576 698 igitur
600 647 648 682 ut
668 654 716 682 ex
744 636 838 681 viro
864 645 906 680 et
925 634 1122 690 muliere,
1150 634 1193 679 id
1213 643 1293 689 est,
1318 650 1397 696 per
1419 632 1537 677 illam
1558 647 1712 693 corpo-

340 727 438 762 rum
454 708 800 755 commixtionem
819 723 944 750 nemo
956 705 1156 753 videatur
1169 721 1315 768 expers
1334 721 1420 749 esse
1437 701 1599 748 delicti.
1626 698 1714 757 Qui
1758 752 1762 755 Δ

342 792 486 835 autern
521 795 668 841 expers
692 777 863 829 delicti,
892 793 1040 837 expers
1062 786 1123 820 est
1146 772 1274 820 etiam
1315 772 1573 834 hujusmodi
1606 788 1716 817 con-

343 850 567 912 ceptionis.
595 870 615 888 »
636 847 681 891 Si
703 846 802 890 haec
819 845 883 899 ibi
902 845 1033 889 verba
1053 844 1286 889 venerandi
1304 843 1524 889 Ambrosii
1550 858 1636 886 non
1658 840 1716 885 16-

343 919 458 979 gisti,
501 915 722 981 quomodo
758 913 1107 973 redarguendum
1137 913 1325 967 librum,
1351 913 1397 958 111
1429 929 1516 976 quo
1541 929 1589 958 ea
1619 920 1718 958 sunt

345 988 503 1051 posita,
521 983 777 1048 suscepisti?
804 984 849 1028 Si
874 994 1017 1029 autem
1040 983 1209 1043 legisti,
1237 983 1344 1046 quid
1385 982 1612 1035 adversum
1650 996 1718 1025 me

345 1057 469 1111 furis,
497 1067 537 1102 et
554 1055 679 1101 illum
698 1054 742 1099 in
763 1071 831 1099 me
849 1053 1051 1116 primitus
1083 1054 1252 1117 carpis?
1275 1053 1397 1110 Quid
1426 1069 1584 1097 nomen
1612 1050 1719 1099 dila-

347 1128 464 1174 niare
479 1126 624 1172 niteris
653 1141 814 1180 meum,
845 1135 888 1168 et
912 1123 1191 1174 Ambrosium
1215 1122 1321 1169 facis
1357 1124 1485 1169 tacito
1522 1126 1611 1182 ejus
1634 1137 1719 1165 no-

346 1198 462 1244 mine
485 1195 811 1242 Manichaeum‘?

414 1268 517 1313 ΧΠ.
549 1266 699 1311 Cernis
726 1280 883 1327 nempe
915 1280 1015 1309 cum
1038 1263 1199 1326 quibus
1228 1274 1301 1309 tua
1329 1262 1560 1309 maledicta
1590 1262 1721 1307 susti-

349 1355 492 1393 neam,
514 1336 650 1382 cernis
665 1351 763 1380 cum
782 1334 944 1396 quibus
964 1334 1073 1379 mihi
1089 1335 1143 1379 sit
1163 1352 1291 1380 causa
1307 1335 1566 1388 communis,
1589 1349 1721 1396 quam

349 1408 469 1452 nulla
493 1404 835 1452 consideratione
860 1403 1002 1448 sobria
1027 1403 1200 1466 pulsare
1229 1404 1458 1450 calumniis
1489 1415 1529 1449 et
1555 1419 1722 1465 expug-

349 1494 452 1523 nare
471 1475 673 1522 conaris?
693 1473 842 1518 Cernis
867 1490 998 1536 quam
1016 1474 1097 1519 tibi
1110 1474 1401 1537 perniciosum
1418 1475 1488 1529 sit,
1512 1472 1722 1521 ,1111111101-

349 1548 475 1593 ribile
499 1547 663 1592 crimen
683 1543 872 1602 objicere
899 1543 1082 1597 talibus3
1115 1556 1157 1589 et
1181 1562 1315 1608 quam
1337 1547 1445 1599 mihi
1470 1547 1719 1606 gloriosum,

351 1618 581 1682 quodlibet
607 1615 771 1660 crimen
796 1613 945 1659 audire
969 1631 1070 1659 611111
1098 1614 1292 1661 talibus?
1317 1616 1361 1662 Si
1385 1618 1522 1664 cernis
1539 1656 1549 1673 ‚
1573 1636 1718 1676 cerne,

350 1700 392 1735 et
413 1687 587 1734 tandem
614 1697 707 1731 tace
731 1702 741 1729 :
771 1684 1046 1743 Pelagianam
1070 1685 1264 1745 linguam
1293 1697 1358 1732 tot
1380 1688 1539 1748 linguis
1560 1691 1720 1736 catho-

349 1759 444 1806 licis
469 1757 682 1821 deprime,
710 1765 775 1800 tot
809 1754 1064 1800 venerandis
1095 1757 1244 1801 oribus
1278 1769 1480 1820 proterva
1506 1776 1580 1806 ora
1617 1760 1719 1805 sub-

349 1829 486 1874 mitte.
508 1827 554 1872 Si
568 1825 765 1872 scholam
781 1824 1036 1870 Xenocratis
1052 1825 1163 1871 sicut
1192 1826 1371 1872 Polemo
1390 1845 1438 1874 ex
1463 1829 1720 1885 antelucano

351 1898 552 1945 convivio
587 1895 846 1942 temulentus
881 1896 1097 1950 intrasses,
1131 1914 1219 1943 non
1244 1908 1362 1944 tanta
1391 1911 1554 1962 quanta
1580 1901 1625 1947 in
1643 1901 1725 1946 isto

351 1980 472 2015 coetu
498 1979 563 2013 tot
585 1977 834 2013 sanctorum
870 1965 1046 2019 deberes
1071 1969 1333 2014 verecundia
1369 1971 1609 2018 coerceri&
1638 1972 1722 2025 Hic

349 2039 464 2084 enim
479 2048 593 2083 certe
617 2047 737 2082 tanto
752 2039 892 2095 major
911 2035 1042 2082 debet
1057 2054 1143 2083 esse
1173 2039 1451 2096 verecundia,
1469 2051 1633 2103 quanto
1647 2058 1726 2087 ve-⁴

345 2110 434 2155 rior
446 2108 686 2154 addiscitur
700 2107 925 2169 sapientia.
950 2108 1091 2153 Tanto
1113 2109 1298 2172 amplius
1311 2111 1534 2164 reverendi
1548 2117 1649 2159 sfmt
1662 2121 1727 2164 tot

347 2178 699 2226 memorabilium
715 2178 1022 2240 episcoporum
1051 2196 1182 2242 quam
1200 2180 1327 2227 unius
1346 2182 1602 2236 Xenocratis
1623 2182 1726 2233 vul—

348 2259 435 2304 tus,
476 2258 640 2311 quanto
669 2246 850 2292 Platone
873 2248 1129 2293 Xenocratis
1156 2249 1311 2300 doctor
1334 2250 1512 2297 doctore
1546 2254 1728 2303 istorum

350 2323 491 2379 maior
513 2328 573 2364 est
601 2317 814 2363 Christus.
836 2319 927 2378 Ego
950 2329 1064 2364 certe
1088 2319 1230 2365 beatae
1265 2322 1486 2376 memoriae
1524 2323 1728 2372 Memoris

396 2427 408 2449 1
433 2430 481 2459 Ex
507 2430 711 2461 commentar.
729 2424 764 2457 in
781 2425 907 2458 Isai'am.
923 2443 970 2449 -—
989 2424 1005 2447 2
1031 2424 1111 2458 Psal.
1129 2438 1199 2465 cxv,
1220 2439 1275 2462 20.
1304 2446 1348 2461 —
1361 2426 1376 2452 3
1399 2429 1484 2463 Vide
1508 2431 1619 2464 Valer.
1635 2434 1724 2470 Max,

343 2483 418 2522 1.,6.
435 2493 504 2526 cap.
524 2494 558 2524 9.
578 2486 610 2513 et
628 2478 733 2520 Laert.
747 2480 803 2513 lib.
824 2487 856 2518 4.
876 2480 915 2513 de
933 2481 1000 2514 Vit.
1018 2481 1239 2527 philosopher.
