1843 3190
304 223 396 279 432
722 239 757 270 s.
801 240 1042 271 Aususrlm
1076 241 1280 272 EPISCOPI

311 323 331 343 »
356 319 449 348 ram
466 302 483 332 1
512 321 522 348 ε
545 324 565 344 »
598 314 670 359 et,
697 305 777 350 «Si
807 305 962 367 spiritu
981 304 1095 351 facta
1127 306 1268 351 carnis
1285 306 1644 354 mortificaveritis
1661 344 1673 364 ,

310 394 330 413 »
353 373 571 419 vivetis2:
602 395 623 415 »
671 385 738 430 et,
788 396 808 416 α
837 376 988 421 Exuite
1026 393 1102 422 vos
1137 387 1323 423 veterem
1360 377 1626 424 hominemss.
1657 400 1676 419 »

308 442 474 505 Nempe
491 443 699 490 dicuntur
723 445 822 490 haec
844 462 1001 506 magna
1021 447 1298 493 consensione
1315 448 1506 494 veritatis
1525 485 1537 505 ,
1559 447 1678 494 nulla

308 514 640 576 reprehensione
659 516 947 579 baptismatis.

374 583 510 630 LVII.
536 584 582 629 Si
603 602 701 645 ergo
716 586 824 631 nolis
846 604 932 632 esse
955 589 1248 633 contentiosus
1265 625 1276 643 ,
1309 598 1419 651 puto
1449 587 1568 650 quod
1586 591 1679 646 jam

309 654 455 702 videas
478 674 609 720 quam
631 669 745 703 recte
767 657 1049 718 intelligatur,
1068 658 1189 722 quod
1217 658 1338 704 aliter
1361 659 1528 704 conaris
1545 674 1680 720 expo-

308 742 425 781 nere,
451 727 572 788 quod
610 728 835 789 Propheta
869 744 970 772 cum
995 728 1193 773 dixisset:
1219 749 1239 769 r<
1264 729 1353 784 Qui
1384 728 1610 790 propitius
1635 727 1685 771 fit

309 797 541 841 »omnibus
558 798 861 859 iniquitatibus
883 798 1011 851 tuis43
1028 819 1048 839 »
1067 799 1184 860 quod
1202 798 1252 842 fit
1269 798 1420 861 utique
1439 797 1685 842 remissione

310 865 506 910 omnium
543 877 854 929 peccatorum:
896 868 1106 913 continuo
1133 867 1348 927 subjecit5
1368 905 1378 923 ,
1413 889 1433 909 «
1456 867 1544 922 Qui
1565 877 1686 912 sanat

315 957 333 977 >2
347 952 494 981 omnes
511 935 739 997 languores
774 948 895 983 tuos:
921 960 941 979 n
974 955 1022 983 ea
1047 937 1161 983 mala
1195 938 1341 984 volens
1361 937 1558 997 intelligi,
1585 954 1685 982 cum

309 1006 471 1068 quibus
494 1005 632 1053 donec
650 1019 854 1053 sanentur
869 1045 880 1063 ,
897 1007 965 1053 vel
989 1019 1203 1071 quantum
1221 1019 1403 1072 possunt
1424 1009 1470 1054 in
1495 1008 1579 1053 hac
1596 1007 1685 1053 vita

310 1077 445 1136 magis
458 1078 678 1141 magisque
700 1079 970 1135 minuantur,
998 1096 1087 1124 non
1108 1080 1338 1142 quiescunt
1359 1079 1558 1125 intestina
1571 1078 1686 1125 bella

310 1157 573 1194 sanctorum.
619 1149 768 1211 Neque
808 1149 923 1194 enim
957 1149 1103 1194 nullus
1130 1161 1190 1194 est
1214 1150 1426 1210 languor,
1463 1166 1551 1212 quo
1586 1165 1685 1194 caro

310 1217 583 1280 concupiscit
625 1217 824 1264 adversus
859 1219 1080 1281 spiritum,
1127 1220 1256 1264 etiam
1293 1229 1492 1265 manente
1525 1219 1686 1264 virtute

308 1286 515 1332 castitatis
537 1289 712 1335 invicta.
746 1289 790 1334 Si
814 1289 959 1334 nullus
981 1290 1162 1349 languor
1185 1301 1263 1345 est,
1292 1307 1378 1335 11011
1401 1306 1500 1349 ergo
1526 1288 1684 1335 adver-

310 1374 381 1403 sus
402 1375 498 1403 eum
521 1360 699 1421 spiritus
721 1361 1017 1422 concupiscat.
1047 1360 1114 1405 Ad
1139 1360 1226 1405 hoc
1252 1361 1365 1405 0111111
1390 1359 1681 1421 concupiscit,

308 1438 358 1473 ut
385 1429 419 1473 si
442 1445 531 1474 non
561 1440 703 1492 potest
736 1447 824 1475 non
847 1430 1039 1475 certandi
1063 1467 1074 1487 ,
1101 1430 1251 1475 saltem
1275 1447 1362 1476 non
1390 1427 1687 1474 consentiendi

311 1498 507 1543 obtineat
526 1499 765 1545 sanitatem.
791 1500 886 1545 Hoc
904 1500 1071 1563 quippe
1093 1500 1207 1545 unde
1232 1517 1349 1545 nunc
1365 1500 1545 1559 agimus,
1568 1496 1686 1560 quod

308 1572 437 1617 nobis
460 1572 652 1618 resistere
675 1573 881 1618 sentimus
907 1573 952 1618 in
976 1574 1103 1619 nobis
1120 1611 1130 1629 ,
1168 1585 1243 1619 aut
1265 1573 1400 1618 aliena
1434 1583 1496 1618 est
1533 1581 1687 1616 natura

314 1641 570 1704 separanda,
612 1653 685 1688 aut
709 1654 852 1688 nostra
877 1643 1080 1690 sananda.
1115 1644 1160 1688 Si
1193 1643 1374 1689 alienam
1408 1642 1594 1687 dicimus
1617 1657 1685 1685 se-

311 1711 569 1774 parandam,
597 1712 852 1759 Manichaeis
884 1711 1090 1759 favemus.
1122 1715 1349 1758 Fateamur
1366 1729 1465 1772 ergo
1493 1721 1684 1756 nostram

311 1798 398 1826 esse
421 1781 657 1827 sanandam
676 1819 686 1835 ,
718 1793 767 1828 ut
798 1783 1067 1829 Manichaeos
1101 1783 1229 1828 simul
1262 1783 1602 1843 Pelagianosque
1619 1780 1685 1824 vi-

309 1861 465 1906 temus,

377 1922 536 1968 LVIII.
568 1922 665 1967 Hoc
687 1943 706 1963 α
735 1924 848 1982 Ergo
866 1923 1007 1982 generi
1028 1924 1222 1969 humano
1245 1923 1462 1969 inflictum
1483 1919 1641 1967 vulnus
1665 1937 1686 1964 a

311 1990 505 2047 diabolo,
527 1992 745 2056 quidquid
775 2012 852 2056 per
868 1993 978 2039 illud
1002 1996 1219 2049 nascitur,
1250 1995 1365 2053 cogit
1386 2010 1470 2038 esse
1493 1991 1576 2036 sub
1593 1990 1686 2034 dia-

311 2062 416 2107 bolo
435 2100 445 2118 ,
468 2074 675 2125 tanquam
697 2063 750 2108 de
775 2081 851 2109 suo
874 2064 1032 2110 frutice
1055 2065 1361 2124 fructumjure
1381 2064 1588 2124 decerpat
1604 2061 1637 2106 ⁶.
1665 2081 1685 2101 »

313 2131 421 2176 Haec
444 2133 575 2177 verba
599 2133 652 2178 de
682 2133 796 2178 libro
822 2151 916 2179 meo
937 2135 1017 2180 tibi
1040 2134 1269 2180 refellenda
1288 2133 1499 2197 posuisti:
1524 2130 1686 2194 quibus

310 2201 370 2246 ita
392 2202 621 2257 insidiaris,
642 2214 845 2267 tanquam
871 2226 890 2245 «
919 2205 1098 2250 Naturae
1122 2205 1330 2250 humanae
1363 2213 1581 2249 auctorem
1613 2198 1685 2243 di·-

310 2272 443 2315 xerim
470 2272 714 2330 diabolum,
744 2285 786 2319 et
812 2275 947 2337 ipsius
970 2293 1056 2338 qua
1075 2275 1209 2320 homo
1242 2285 1411 2320 constat
1431 2270 1685 2319 substantiae

312 2340 602 2386 conditorem?
626 2360 636 2387 ε
668 2364 688 2384 >)
709 2345 833 2406 quasi
856 2344 1013 2390 vulnus
1031 2346 1074 2390 in
1094 2363 1276 2408 corpore
1299 2344 1434 2408 possis
1467 2339 1684 2404 appellare

309 2410 607 2457 substantiam.
640 2412 724 2457 Sed
742 2414 775 2458 si
797 2425 1025 2477 propterea
1045 2432 1112 2460 me
1136 2425 1264 2477 putas
1287 2414 1437 2459 dixisse
1455 2410 1682 2457 diabolum

358 2506 368 2527 ¹
387 2510 503 2540 Coloss.
522 2521 574 2545 111,
596 2511 627 2542 5.
644 2529 686 2534 —
707 2510 722 2533 2
739 2515 833 2546 Rom.
855 2525 926 2550 vm,
948 2516 998 2545 13.
1016 2531 1060 2536 —
1077 2511 1091 2535 3
1111 2515 1232 2545 Coloss.
1254 2525 1304 2550 111,
1320 2524 1353 2553 9.
1370 2530 1416 2536 —
1443 2509 1457 2533 4
1478 2511 1558 2544 Psal.
1575 2521 1630 2546 011,
1649 2509 1682 2542 3.

310 2578 355 2586 -
371 2560 385 2583 6
405 2563 476 2596 Lib.
504 2575 531 2594 1.
545 2563 584 2595 de
602 2567 703 2609 Nupt.
719 2578 747 2599 c.
765 2569 819 2601 25.
834 2585 878 2592 —
899 2567 1013 2601 7111111.
1036 2571 1091 2601 23.
