<?xml version="1.0" encoding="UTF-8"?>
<!DOCTYPE html PUBLIC "-//W3C//DTD XHTML 1.0 Transitional//EN"
    "http://www.w3.org/TR/xhtml1/DTD/xhtml1-transitional.dtd">
<html xmlns="http://www.w3.org/1999/xhtml" xml:lang="en" lang="en">
 <head>
  <title>
</title>
<meta http-equiv="Content-Type" content="text/html;charset=utf-8" />
  <meta name='ocr-system' content='tesseract 3.04.00' />
  <meta name='ocr-capabilities' content='ocr_page ocr_carea ocr_par ocr_line ocrx_word'/>
</head>
<body>
  <div class='ocr_page' id='page_1' title='image "./operaomniaaccura35auguuoft/operaomniaaccura35auguuoft_0361.png"; bbox 0 0 1843 3190; ppageno 0'>
   <div class='ocr_carea' id='block_1_1' title="bbox 329 287 1493 339">
    <p class='ocr_par' dir='ltr' id='par_1_1' title="bbox 329 287 1493 339">
     <span class='ocr_line' id='line_1_1' title="bbox 329 287 1493 339; baseline 0.01 -16"><span class='ocrx_word' id='word_1_1' title='bbox 329 291 504 325; x_wconf 76' lang='lat' dir='ltr'>CONTRA</span> <span class='ocrx_word' id='word_1_2' title='bbox 536 289 763 327; x_wconf 61' lang='lat' dir='ltr'><strong>summum</strong></span> <span class='ocrx_word' id='word_1_3' title='bbox 797 294 1102 339; x_wconf 66' lang='lat' dir='ltr'><strong>pumannum,</strong></span> <span class='ocrx_word' id='word_1_4' title='bbox 1138 298 1228 331; x_wconf 73' lang='grc' dir='ltr'><strong>ΗΒ.</strong></span> <span class='ocrx_word' id='word_1_5' title='bbox 1268 300 1312 333; x_wconf 83' lang='lat' dir='ltr'><strong>v.</strong></span> <span class='ocrx_word' id='word_1_6' title='bbox 1407 287 1493 335; x_wconf 79' lang='lat'><strong>351</strong></span> 
     </span>
    </p>
   </div>
   <div class='ocr_carea' id='block_1_2' title="bbox 102 358 1501 1970">
    <p class='ocr_par' dir='ltr' id='par_1_2' title="bbox 105 358 1501 1606">
     <span class='ocr_line' id='line_1_2' title="bbox 131 358 1499 430; baseline 0.008 -26"><span class='ocrx_word' id='word_1_7' title='bbox 131 374 197 404; x_wconf 85' lang='lat' dir='ltr'><strong>res</strong></span> <span class='ocrx_word' id='word_1_8' title='bbox 214 358 329 422; x_wconf 86' lang='lat' dir='ltr'><strong>ipsas</strong></span> <span class='ocrx_word' id='word_1_9' title='bbox 350 358 582 407; x_wconf 84' lang='lat' dir='ltr'>surdastris</span> <span class='ocrx_word' id='word_1_10' title='bbox 603 360 811 408; x_wconf 85' lang='lat' dir='ltr'><strong>cordibus</strong></span> <span class='ocrx_word' id='word_1_11' title='bbox 833 378 971 408; x_wconf 91' lang='lat' dir='ltr'><strong>unum</strong></span> <span class='ocrx_word' id='word_1_12' title='bbox 993 362 1196 428; x_wconf 87' lang='lat' dir='ltr'>idemque</span> <span class='ocrx_word' id='word_1_13' title='bbox 1210 382 1296 413; x_wconf 86' lang='lat' dir='ltr'><strong>esse</strong></span> <span class='ocrx_word' id='word_1_14' title='bbox 1317 384 1499 430; x_wconf 87' lang='lat' dir='ltr'><strong>persua-</strong></span> 
     </span>
     <span class='ocr_line' id='line_1_3' title="bbox 130 428 1501 496; baseline 0.007 -21"><span class='ocrx_word' id='word_1_15' title='bbox 130 428 232 476; x_wconf 89' lang='lat' dir='ltr'><strong>dere</strong></span> <span class='ocrx_word' id='word_1_16' title='bbox 249 440 291 475; x_wconf 93' lang='lat' dir='ltr'><strong>te</strong></span> <span class='ocrx_word' id='word_1_17' title='bbox 310 447 433 494; x_wconf 89' lang='lat' dir='ltr'><strong>posse</strong></span> <span class='ocrx_word' id='word_1_18' title='bbox 453 431 658 478; x_wconf 86' lang='lat' dir='ltr'><strong>confidas.</strong></span> <span class='ocrx_word' id='word_1_19' title='bbox 685 432 802 478; x_wconf 89' lang='lat' dir='ltr'><strong>Hinc</strong></span> <span class='ocrx_word' id='word_1_20' title='bbox 824 443 886 478; x_wconf 88' lang='lat' dir='ltr'><strong>est</strong></span> <span class='ocrx_word' id='word_1_21' title='bbox 906 433 1026 496; x_wconf 89' lang='lat' dir='ltr'><strong>quod</strong></span> <span class='ocrx_word' id='word_1_22' title='bbox 1042 435 1270 482; x_wconf 89' lang='lat' dir='ltr'><strong>sententias</strong></span> <span class='ocrx_word' id='word_1_23' title='bbox 1292 454 1407 484; x_wconf 88' lang='lat' dir='ltr'><strong>meas</strong></span> <span class='ocrx_word' id='word_1_24' title='bbox 1429 439 1501 486; x_wconf 85' lang='lat' dir='ltr'><strong>in·-</strong></span> 
     </span>
     <span class='ocr_line' id='line_1_4' title="bbox 129 502 1501 571; baseline 0.007 -26"><span class='ocrx_word' id='word_1_25' title='bbox 129 509 194 544; x_wconf 89' lang='lat' dir='ltr'><strong>ter</strong></span> <span class='ocrx_word' id='word_1_26' title='bbox 212 516 255 545; x_wconf 90' lang='lat' dir='ltr'><strong>se</strong></span> <span class='ocrx_word' id='word_1_27' title='bbox 273 502 511 548; x_wconf 84' lang='lat' dir='ltr'><strong>contrarias</strong></span> <span class='ocrx_word' id='word_1_28' title='bbox 533 511 662 565; x_wconf 89' lang='lat' dir='ltr'><strong>putas</strong></span> <span class='ocrx_word' id='word_1_29' title='bbox 686 502 753 548; x_wconf 89' lang='lat' dir='ltr'><strong>vel</strong></span> <span class='ocrx_word' id='word_1_30' title='bbox 771 504 915 566; x_wconf 85' lang='lat' dir='ltr'><strong>putari</strong></span> <span class='ocrx_word' id='word_1_31' title='bbox 938 504 1079 567; x_wconf 82' lang='lat' dir='ltr'><strong>cupis,</strong></span> <span class='ocrx_word' id='word_1_32' title='bbox 1107 515 1313 570; x_wconf 88' lang='lat' dir='ltr'><strong>tanquam</strong></span> <span class='ocrx_word' id='word_1_33' title='bbox 1334 507 1501 571; x_wconf 88' lang='lat' dir='ltr'><strong>impro-</strong></span> 
     </span>
     <span class='ocr_line' id='line_1_5' title="bbox 126 567 1500 639; baseline 0.008 -26"><span class='ocrx_word' id='word_1_34' title='bbox 126 567 228 614; x_wconf 85' lang='lat' dir='ltr'><strong>bem</strong></span> <span class='ocrx_word' id='word_1_35' title='bbox 247 570 366 634; x_wconf 89' lang='lat' dir='ltr'><strong>quod</strong></span> <span class='ocrx_word' id='word_1_36' title='bbox 387 581 485 616; x_wconf 86' lang='lat' dir='ltr'><strong>ante</strong></span> <span class='ocrx_word' id='word_1_37' title='bbox 508 571 847 634; x_wconf 80' lang='lat' dir='ltr'><strong>approbaverim</strong></span> <span class='ocrx_word' id='word_1_38' title='bbox 862 607 874 628; x_wconf 83' lang='grc'>,</span> <span class='ocrx_word' id='word_1_39' title='bbox 901 582 976 618; x_wconf 86' lang='lat' dir='ltr'><strong>aut</strong></span> <span class='ocrx_word' id='word_1_40' title='bbox 994 573 1232 636; x_wconf 88' lang='lat' dir='ltr'><strong>amplectar</strong></span> <span class='ocrx_word' id='word_1_41' title='bbox 1255 577 1375 639; x_wconf 88' lang='lat' dir='ltr'><strong>quod</strong></span> <span class='ocrx_word' id='word_1_42' title='bbox 1401 590 1500 624; x_wconf 82' lang='lat' dir='ltr'><strong>ante</strong></span> 
     </span>
     <span class='ocr_line' id='line_1_6' title="bbox 124 641 1500 705; baseline 0.008 -21"><span class='ocrx_word' id='word_1_43' title='bbox 124 641 379 702; x_wconf 83' lang='lat' dir='ltr'><strong>respuerim.</strong></span> <span class='ocrx_word' id='word_1_44' title='bbox 413 641 528 687; x_wconf 87' lang='lat' dir='ltr'><strong>Audi</strong></span> <span class='ocrx_word' id='word_1_45' title='bbox 557 659 658 701; x_wconf 84' lang='lat' dir='ltr'><strong>ergo</strong></span> <span class='ocrx_word' id='word_1_46' title='bbox 681 653 876 705; x_wconf 87' lang='lat' dir='ltr'><strong>apertam</strong></span> <span class='ocrx_word' id='word_1_47' title='bbox 899 645 1155 690; x_wconf 84' lang='lat' dir='ltr'><strong>sententiam</strong></span> <span class='ocrx_word' id='word_1_48' title='bbox 1186 663 1326 692; x_wconf 83' lang='lat' dir='ltr'><strong>meam</strong></span> <span class='ocrx_word' id='word_1_49' title='bbox 1341 685 1352 703; x_wconf 84' lang='lat'>‚</span> <span class='ocrx_word' id='word_1_50' title='bbox 1373 659 1415 694; x_wconf 90' lang='lat' dir='ltr'><strong>et</strong></span> <span class='ocrx_word' id='word_1_51' title='bbox 1435 649 1500 694; x_wconf 89' lang='lat' dir='ltr'><strong>in-</strong></span> 
     </span>
     <span class='ocr_line' id='line_1_7' title="bbox 125 710 1497 778; baseline 0.007 -24"><span class='ocrx_word' id='word_1_52' title='bbox 125 710 265 771; x_wconf 83' lang='lat' dir='ltr'><strong>tellige</strong></span> <span class='ocrx_word' id='word_1_53' title='bbox 284 711 351 758; x_wconf 87' lang='lat' dir='ltr'><strong>vel</strong></span> <span class='ocrx_word' id='word_1_54' title='bbox 370 711 460 757; x_wconf 89' lang='lat' dir='ltr'><strong>sine</strong></span> <span class='ocrx_word' id='word_1_55' title='bbox 482 711 722 771; x_wconf 83' lang='lat' dir='ltr'><strong>intelligere</strong></span> <span class='ocrx_word' id='word_1_56' title='bbox 740 712 845 758; x_wconf 90' lang='lat' dir='ltr'><strong>alios</strong></span> <span class='ocrx_word' id='word_1_57' title='bbox 861 749 871 768; x_wconf 84' lang='lat'><strong><em>‚</em></strong></span> <span class='ocrx_word' id='word_1_58' title='bbox 893 729 982 758; x_wconf 90' lang='lat' dir='ltr'><strong>non</strong></span> <span class='ocrx_word' id='word_1_59' title='bbox 1000 714 1267 761; x_wconf 85' lang='lat' dir='ltr'><strong>offundendo</strong></span> <span class='ocrx_word' id='word_1_60' title='bbox 1294 716 1497 778; x_wconf 85' lang='lat' dir='ltr'><strong>caligines</strong></span> 
     </span>
     <span class='ocr_line' id='line_1_8' title="bbox 120 781 1489 846; baseline 0.007 -20"><span class='ocrx_word' id='word_1_61' title='bbox 120 781 343 827; x_wconf 83' lang='lat' dir='ltr'><strong>nebulosae</strong></span> <span class='ocrx_word' id='word_1_62' title='bbox 367 781 673 846; x_wconf 81' lang='lat' dir='ltr'><strong>disputationis</strong></span> <span class='ocrx_word' id='word_1_63' title='bbox 708 784 926 829; x_wconf 87' lang='lat' dir='ltr'><strong>serenitati</strong></span> <span class='ocrx_word' id='word_1_64' title='bbox 958 785 1254 832; x_wconf 68' lang='lat' dir='ltr'><strong>sincerissimae</strong></span> <span class='ocrx_word' id='word_1_65' title='bbox 1283 788 1489 836; x_wconf 87' lang='lat' dir='ltr'><strong>veritatis.</strong></span> 
     </span>
     <span class='ocr_line' id='line_1_9' title="bbox 122 850 1495 910; baseline 0.007 -14"><span class='ocrx_word' id='word_1_66' title='bbox 122 850 246 897; x_wconf 84' lang='lat' dir='ltr'><strong>Sicut</strong></span> <span class='ocrx_word' id='word_1_67' title='bbox 269 852 436 898; x_wconf 90' lang='lat' dir='ltr'><strong>bonum</strong></span> <span class='ocrx_word' id='word_1_68' title='bbox 467 863 531 898; x_wconf 85' lang='lat' dir='ltr'><strong>est</strong></span> <span class='ocrx_word' id='word_1_69' title='bbox 555 853 666 899; x_wconf 88' lang='lat' dir='ltr'><strong>bene</strong></span> <span class='ocrx_word' id='word_1_70' title='bbox 691 853 756 899; x_wconf 87' lang='lat' dir='ltr'><strong>uti</strong></span> <span class='ocrx_word' id='word_1_71' title='bbox 788 854 937 910; x_wconf 84' lang='lat' dir='ltr'><strong>malis,</strong></span> <span class='ocrx_word' id='word_1_72' title='bbox 964 855 1025 900; x_wconf 87' lang='lat' dir='ltr'><strong>ita</strong></span> <span class='ocrx_word' id='word_1_73' title='bbox 1049 855 1280 902; x_wconf 81' lang='lat' dir='ltr'><strong>honestum</strong></span> <span class='ocrx_word' id='word_1_74' title='bbox 1303 870 1366 903; x_wconf 89' lang='lat' dir='ltr'><strong>est</strong></span> <span class='ocrx_word' id='word_1_75' title='bbox 1384 859 1495 905; x_wconf 88' lang='lat' dir='ltr'><strong>bene</strong></span> 
     </span>
     <span class='ocr_line' id='line_1_10' title="bbox 120 922 1494 991; baseline 0.005 -23"><span class='ocrx_word' id='word_1_76' title='bbox 120 922 185 968; x_wconf 86' lang='lat' dir='ltr'><strong>uti</strong></span> <span class='ocrx_word' id='word_1_77' title='bbox 206 922 461 969; x_wconf 82' lang='lat' dir='ltr'><strong>inhonestis.</strong></span> <span class='ocrx_word' id='word_1_78' title='bbox 494 924 619 970; x_wconf 88' lang='lat' dir='ltr'><strong>Unde</strong></span> <span class='ocrx_word' id='word_1_79' title='bbox 646 935 688 970; x_wconf 85' lang='lat' dir='ltr'><strong>et</strong></span> <span class='ocrx_word' id='word_1_80' title='bbox 720 925 814 988; x_wconf 85' lang='lat' dir='ltr'><strong>ipsa</strong></span> <span class='ocrx_word' id='word_1_81' title='bbox 831 925 1028 971; x_wconf 88' lang='lat' dir='ltr'><strong>membra</strong></span> <span class='ocrx_word' id='word_1_82' title='bbox 1049 943 1137 972; x_wconf 89' lang='lat' dir='ltr'><strong>non</strong></span> <span class='ocrx_word' id='word_1_83' title='bbox 1154 939 1334 991; x_wconf 86' lang='lat' dir='ltr'><strong>propter</strong></span> <span class='ocrx_word' id='word_1_84' title='bbox 1355 928 1494 975; x_wconf 88' lang='lat' dir='ltr'><strong>divini</strong></span> 
     </span>
     <span class='ocr_line' id='line_1_11' title="bbox 118 994 1491 1059; baseline 0.005 -21"><span class='ocrx_word' id='word_1_85' title='bbox 118 994 259 1056; x_wconf 88' lang='lat' dir='ltr'><strong>operis</strong></span> <span class='ocrx_word' id='word_1_86' title='bbox 280 994 660 1057; x_wconf 85' lang='lat' dir='ltr'><strong>pulchritudinem</strong></span> <span class='ocrx_word' id='word_1_87' title='bbox 678 1032 689 1050; x_wconf 92' lang='lat'>‚</span> <span class='ocrx_word' id='word_1_88' title='bbox 717 995 790 1041; x_wconf 89' lang='lat' dir='ltr'><strong>sed</strong></span> <span class='ocrx_word' id='word_1_89' title='bbox 821 1006 1003 1059; x_wconf 87' lang='lat' dir='ltr'><strong>propter</strong></span> <span class='ocrx_word' id='word_1_90' title='bbox 1025 996 1220 1043; x_wconf 88' lang='lat' dir='ltr'><strong>libidinis</strong></span> <span class='ocrx_word' id='word_1_91' title='bbox 1249 998 1491 1045; x_wconf 85' lang='lat' dir='ltr'><strong>foeditatem</strong></span> 
     </span>
     <span class='ocr_line' id='line_1_12' title="bbox 115 1062 1493 1131; baseline 0.005 -22"><span class='ocrx_word' id='word_1_92' title='bbox 115 1062 343 1110; x_wconf 84' lang='lat' dir='ltr'><strong>inhonesta</strong></span> <span class='ocrx_word' id='word_1_93' title='bbox 369 1064 477 1111; x_wconf 79' lang='lat' dir='ltr'><strong>dixit</strong></span> <span class='ocrx_word' id='word_1_94' title='bbox 500 1065 734 1128; x_wconf 86' lang='lat' dir='ltr'><strong>Apostolus</strong></span> <span class='ocrx_word' id='word_1_95' title='bbox 756 1083 767 1111; x_wconf 75' lang='lat' dir='ltr'><em>z</em></span> <span class='ocrx_word' id='word_1_96' title='bbox 792 1088 812 1108; x_wconf 82' lang='lat'>«</span> <span class='ocrx_word' id='word_1_97' title='bbox 828 1068 917 1112; x_wconf 90' lang='lat' dir='ltr'><strong>Nec</strong></span> <span class='ocrx_word' id='word_1_98' title='bbox 940 1066 994 1112; x_wconf 85' lang='lat' dir='ltr'><strong>ad</strong></span> <span class='ocrx_word' id='word_1_99' title='bbox 1014 1078 1166 1131; x_wconf 85' lang='lat' dir='ltr'><strong>stupra</strong></span> <span class='ocrx_word' id='word_1_100' title='bbox 1184 1080 1402 1128; x_wconf 82' lang='lat' dir='ltr'><strong>coguntur</strong></span> <span class='ocrx_word' id='word_1_101' title='bbox 1420 1088 1493 1116; x_wconf 91' lang='lat' dir='ltr'><strong>ne-</strong></span> 
     </span>
     <span class='ocr_line' id='line_1_13' title="bbox 115 1134 1487 1199; baseline 0.005 -20"><span class='ocrx_word' id='word_1_102' title='bbox 115 1153 138 1175; x_wconf 83' lang='lat'>»</span> <span class='ocrx_word' id='word_1_103' title='bbox 152 1134 347 1181; x_wconf 82' lang='lat' dir='ltr'><strong>cessitate</strong></span> <span class='ocrx_word' id='word_1_104' title='bbox 363 1135 441 1198; x_wconf 90' lang='lat' dir='ltr'><strong>qui</strong></span> <span class='ocrx_word' id='word_1_105' title='bbox 456 1136 562 1181; x_wconf 85' lang='lat' dir='ltr'><strong>casti</strong></span> <span class='ocrx_word' id='word_1_106' title='bbox 588 1147 689 1181; x_wconf 91' lang='lat' dir='ltr'><strong>sunt</strong></span> <span class='ocrx_word' id='word_1_107' title='bbox 704 1135 721 1165; x_wconf 77' lang='lat'><strong>1</strong></span> <span class='ocrx_word' id='word_1_108' title='bbox 740 1154 750 1180; x_wconf 77' lang='grc' dir='ltr'>ε</span> <span class='ocrx_word' id='word_1_109' title='bbox 771 1158 790 1178; x_wconf 71' lang='lat' dir='ltr'>n</span> <span class='ocrx_word' id='word_1_110' title='bbox 815 1137 918 1199; x_wconf 90' lang='lat' dir='ltr'><strong>quia</strong></span> <span class='ocrx_word' id='word_1_111' title='bbox 952 1137 1155 1184; x_wconf 88' lang='lat' dir='ltr'><strong>resistunt</strong></span> <span class='ocrx_word' id='word_1_112' title='bbox 1172 1139 1413 1185; x_wconf 80' lang='lat' dir='ltr'><strong>inhonestae</strong></span> <span class='ocrx_word' id='word_1_113' title='bbox 1430 1140 1487 1186; x_wconf 87' lang='lat' dir='ltr'><strong>li-</strong></span> 
     </span>
     <span class='ocr_line' id='line_1_14' title="bbox 111 1203 1489 1274; baseline 0.004 -24"><span class='ocrx_word' id='word_1_114' title='bbox 111 1203 256 1250; x_wconf 85' lang='lat' dir='ltr'><strong>bidini</strong></span> <span class='ocrx_word' id='word_1_115' title='bbox 271 1242 283 1262; x_wconf 87' lang='lat'><strong><em>,</em></strong></span> <span class='ocrx_word' id='word_1_116' title='bbox 303 1223 357 1252; x_wconf 91' lang='lat' dir='ltr'><strong>ne</strong></span> <span class='ocrx_word' id='word_1_117' title='bbox 379 1205 614 1269; x_wconf 81' lang='lat' dir='ltr'><strong>compellat</strong></span> <span class='ocrx_word' id='word_1_118' title='bbox 629 1223 700 1252; x_wconf 87' lang='lat' dir='ltr'><strong>eos</strong></span> <span class='ocrx_word' id='word_1_119' title='bbox 723 1206 954 1252; x_wconf 88' lang='lat' dir='ltr'><strong>inhonesta</strong></span> <span class='ocrx_word' id='word_1_120' title='bbox 975 1208 1245 1254; x_wconf 86' lang='lat' dir='ltr'><strong>committere</strong></span> <span class='ocrx_word' id='word_1_121' title='bbox 1261 1246 1272 1266; x_wconf 87' lang='lat'>‚</span> <span class='ocrx_word' id='word_1_122' title='bbox 1294 1210 1383 1255; x_wconf 90' lang='lat' dir='ltr'><strong>sine</strong></span> <span class='ocrx_word' id='word_1_123' title='bbox 1401 1227 1489 1274; x_wconf 86' lang='lat' dir='ltr'><strong>qua</strong></span> 
     </span>
     <span class='ocr_line' id='line_1_15' title="bbox 111 1277 1491 1341; baseline 0.005 -21"><span class='ocrx_word' id='word_1_124' title='bbox 111 1285 258 1323; x_wconf 86' lang='lat' dir='ltr'><strong>tamen</strong></span> <span class='ocrx_word' id='word_1_125' title='bbox 275 1293 363 1322; x_wconf 91' lang='lat' dir='ltr'><strong>non</strong></span> <span class='ocrx_word' id='word_1_126' title='bbox 379 1287 560 1340; x_wconf 85' lang='lat' dir='ltr'><strong>possunt</strong></span> <span class='ocrx_word' id='word_1_127' title='bbox 578 1277 756 1323; x_wconf 88' lang='lat' dir='ltr'><strong>honeste</strong></span> <span class='ocrx_word' id='word_1_128' title='bbox 774 1277 888 1323; x_wconf 89' lang='lat' dir='ltr'><strong>filios</strong></span> <span class='ocrx_word' id='word_1_129' title='bbox 903 1295 1145 1341; x_wconf 88' lang='lat' dir='ltr'><strong>procreare.</strong></span> <span class='ocrx_word' id='word_1_130' title='bbox 1170 1281 1237 1325; x_wconf 87' lang='lat' dir='ltr'><strong>Ita</strong></span> <span class='ocrx_word' id='word_1_131' title='bbox 1258 1280 1308 1325; x_wconf 86' lang='lat' dir='ltr'><strong>fit</strong></span> <span class='ocrx_word' id='word_1_132' title='bbox 1323 1291 1372 1326; x_wconf 91' lang='lat' dir='ltr'><strong>ut</strong></span> <span class='ocrx_word' id='word_1_133' title='bbox 1388 1298 1491 1327; x_wconf 89' lang='lat' dir='ltr'><strong>con-</strong></span> 
     </span>
     <span class='ocr_line' id='line_1_16' title="bbox 105 1345 1488 1412; baseline 0.004 -21"><span class='ocrx_word' id='word_1_134' title='bbox 105 1345 286 1406; x_wconf 82' lang='lat' dir='ltr'><strong>jugibus</strong></span> <span class='ocrx_word' id='word_1_135' title='bbox 307 1346 435 1392; x_wconf 87' lang='lat' dir='ltr'><strong>castis</strong></span> <span class='ocrx_word' id='word_1_136' title='bbox 463 1357 504 1391; x_wconf 87' lang='lat' dir='ltr'><strong>et</strong></span> <span class='ocrx_word' id='word_1_137' title='bbox 539 1346 741 1394; x_wconf 85' lang='lat' dir='ltr'><strong>voluntas</strong></span> <span class='ocrx_word' id='word_1_138' title='bbox 762 1347 816 1392; x_wconf 86' lang='lat' dir='ltr'><strong>sit</strong></span> <span class='ocrx_word' id='word_1_139' title='bbox 839 1348 884 1393; x_wconf 90' lang='lat' dir='ltr'><strong>in</strong></span> <span class='ocrx_word' id='word_1_140' title='bbox 915 1348 1074 1394; x_wconf 88' lang='lat' dir='ltr'><strong>sobolis</strong></span> <span class='ocrx_word' id='word_1_141' title='bbox 1094 1350 1419 1412; x_wconf 77' lang='lat' dir='ltr'><strong>procreatione,</strong></span> <span class='ocrx_word' id='word_1_142' title='bbox 1447 1362 1488 1397; x_wconf 86' lang='lat' dir='ltr'><strong>et</strong></span> 
     </span>
     <span class='ocr_line' id='line_1_17' title="bbox 109 1415 1486 1483; baseline 0.004 -21"><span class='ocrx_word' id='word_1_143' title='bbox 109 1417 335 1463; x_wconf 87' lang='lat' dir='ltr'><strong>necessitas</strong></span> <span class='ocrx_word' id='word_1_144' title='bbox 356 1416 401 1462; x_wconf 88' lang='lat' dir='ltr'><strong>in</strong></span> <span class='ocrx_word' id='word_1_145' title='bbox 420 1415 616 1463; x_wconf 89' lang='lat' dir='ltr'><strong>libidine.</strong></span> <span class='ocrx_word' id='word_1_146' title='bbox 650 1420 718 1463; x_wconf 87' lang='lat' dir='ltr'><strong>De</strong></span> <span class='ocrx_word' id='word_1_147' title='bbox 740 1417 969 1464; x_wconf 89' lang='lat' dir='ltr'><strong>inhonesto</strong></span> <span class='ocrx_word' id='word_1_148' title='bbox 995 1421 1160 1483; x_wconf 88' lang='lat' dir='ltr'><strong>quippe</strong></span> <span class='ocrx_word' id='word_1_149' title='bbox 1180 1421 1381 1466; x_wconf 87' lang='lat' dir='ltr'><strong>honestas</strong></span> <span class='ocrx_word' id='word_1_150' title='bbox 1400 1422 1486 1482; x_wconf 81' lang='lat' dir='ltr'><strong>agi-</strong></span> 
     </span>
     <span class='ocr_line' id='line_1_18' title="bbox 108 1486 1486 1550; baseline 0.004 -18"><span class='ocrx_word' id='word_1_151' title='bbox 108 1497 181 1533; x_wconf 85' lang='lat' dir='ltr'><strong>tur</strong></span> <span class='ocrx_word' id='word_1_152' title='bbox 202 1486 491 1550; x_wconf 77' lang='lat' dir='ltr'><strong>procreandi,</strong></span> <span class='ocrx_word' id='word_1_153' title='bbox 513 1487 690 1550; x_wconf 89' lang='lat' dir='ltr'><strong>quando</strong></span> <span class='ocrx_word' id='word_1_154' title='bbox 709 1488 938 1534; x_wconf 87' lang='lat' dir='ltr'><strong>libidinem</strong></span> <span class='ocrx_word' id='word_1_155' title='bbox 956 1506 1044 1535; x_wconf 90' lang='lat' dir='ltr'><strong>non</strong></span> <span class='ocrx_word' id='word_1_156' title='bbox 1066 1502 1181 1536; x_wconf 83' lang='lat' dir='ltr'><strong>amat</strong></span> <span class='ocrx_word' id='word_1_157' title='bbox 1198 1528 1210 1549; x_wconf 85' lang='lat'><strong><em>,</em></strong></span> <span class='ocrx_word' id='word_1_158' title='bbox 1237 1491 1310 1537; x_wconf 89' lang='lat' dir='ltr'><strong>sed</strong></span> <span class='ocrx_word' id='word_1_159' title='bbox 1333 1491 1486 1538; x_wconf 85' lang='lat' dir='ltr'><strong>tolerat</strong></span> 
     </span>
     <span class='ocr_line' id='line_1_19' title="bbox 108 1557 636 1606; baseline 0.002 -3"><span class='ocrx_word' id='word_1_160' title='bbox 108 1558 278 1604; x_wconf 87' lang='lat' dir='ltr'><strong>castitas</strong></span> <span class='ocrx_word' id='word_1_161' title='bbox 294 1557 636 1606; x_wconf 85' lang='lat' dir='ltr'><strong>concumbendi.</strong></span> 
     </span>
    </p>

    <p class='ocr_par' dir='ltr' id='par_1_3' title="bbox 102 1628 1484 1836">
     <span class='ocr_line' id='line_1_20' title="bbox 171 1628 1484 1695; baseline 0.004 -22"><span class='ocrx_word' id='word_1_162' title='bbox 171 1629 423 1675; x_wconf 83' lang='lat' dir='ltr'>XXXVIII.</span> <span class='ocrx_word' id='word_1_163' title='bbox 466 1628 584 1673; x_wconf 85' lang='lat' dir='ltr'><strong>Soles</strong></span> <span class='ocrx_word' id='word_1_164' title='bbox 616 1628 802 1674; x_wconf 84' lang='lat' dir='ltr'><strong>libenter</strong></span> <span class='ocrx_word' id='word_1_165' title='bbox 842 1646 1181 1676; x_wconf 86' lang='lat' dir='ltr'><strong>commemorare</strong></span> <span class='ocrx_word' id='word_1_166' title='bbox 1200 1668 1210 1686; x_wconf 82' lang='lat'><strong><em>‚</em></strong></span> <span class='ocrx_word' id='word_1_167' title='bbox 1248 1631 1409 1695; x_wconf 89' lang='lat' dir='ltr'><strong>quibus</strong></span> <span class='ocrx_word' id='word_1_168' title='bbox 1442 1642 1484 1678; x_wconf 85' lang='lat' dir='ltr'><strong>te</strong></span> 
     </span>
     <span class='ocr_line' id='line_1_21' title="bbox 106 1699 1481 1763; baseline 0.004 -19"><span class='ocrx_word' id='word_1_169' title='bbox 106 1699 305 1760; x_wconf 76' lang='lat' dir='ltr'><strong>adJ&#39;uvari</strong></span> <span class='ocrx_word' id='word_1_170' title='bbox 323 1709 468 1763; x_wconf 84' lang='lat' dir='ltr'><strong>putas,</strong></span> <span class='ocrx_word' id='word_1_171' title='bbox 491 1709 721 1745; x_wconf 82' lang='lat' dir='ltr'><strong>auctorum</strong></span> <span class='ocrx_word' id='word_1_172' title='bbox 740 1701 969 1746; x_wconf 79' lang='lat' dir='ltr'><strong>sententias</strong></span> <span class='ocrx_word' id='word_1_173' title='bbox 991 1701 1282 1749; x_wconf 76' lang='lat' dir='ltr'><strong>saecularium.</strong></span> <span class='ocrx_word' id='word_1_174' title='bbox 1309 1705 1481 1749; x_wconf 87' lang='lat' dir='ltr'><strong>Intuere</strong></span> 
     </span>
     <span class='ocr_line' id='line_1_22' title="bbox 102 1769 1475 1836; baseline 0.003 -20"><span class='ocrx_word' id='word_1_175' title='bbox 102 1769 286 1817; x_wconf 89' lang='lat' dir='ltr'><strong>honesto</strong></span> <span class='ocrx_word' id='word_1_176' title='bbox 308 1769 458 1825; x_wconf 83' lang='lat' dir='ltr'><strong>corde,</strong></span> <span class='ocrx_word' id='word_1_177' title='bbox 485 1769 521 1815; x_wconf 89' lang='lat' dir='ltr'><strong>si</strong></span> <span class='ocrx_word' id='word_1_178' title='bbox 544 1779 684 1833; x_wconf 81' lang='lat' dir='ltr'><strong>poteS‚</strong></span> <span class='ocrx_word' id='word_1_179' title='bbox 706 1770 818 1833; x_wconf 89' lang='lat' dir='ltr'><strong>quid</strong></span> <span class='ocrx_word' id='word_1_180' title='bbox 838 1770 892 1816; x_wconf 89' lang='lat' dir='ltr'><strong>de</strong></span> <span class='ocrx_word' id='word_1_181' title='bbox 913 1771 1079 1817; x_wconf 83' lang='lat' dir='ltr'><strong>Catone</strong></span> <span class='ocrx_word' id='word_1_182' title='bbox 1093 1777 1228 1836; x_wconf 78' lang='lat' dir='ltr'><strong>poe&#39;ta</strong></span> <span class='ocrx_word' id='word_1_183' title='bbox 1244 1773 1446 1820; x_wconf 88' lang='lat' dir='ltr'><strong>cecinerit</strong></span> <span class='ocrx_word' id='word_1_184' title='bbox 1464 1792 1475 1819; x_wconf 73' lang='grc' dir='ltr'>ι</span> 
     </span>
    </p>

    <p class='ocr_par' dir='ltr' id='par_1_4' title="bbox 293 1875 1060 1970">
     <span class='ocr_line' id='line_1_23' title="bbox 293 1875 1060 1919; baseline 0.004 -13"><span class='ocrx_word' id='word_1_185' title='bbox 293 1875 395 1913; x_wconf 87' lang='lat' dir='ltr'><strong>Urbi,</strong></span> <span class='ocrx_word' id='word_1_186' title='bbox 416 1875 542 1918; x_wconf 86' lang='lat' dir='ltr'><strong>inquit,</strong></span> <span class='ocrx_word' id='word_1_187' title='bbox 563 1881 655 1918; x_wconf 83' lang='lat' dir='ltr'><strong>pater</strong></span> <span class='ocrx_word' id='word_1_188' title='bbox 674 1881 738 1914; x_wconf 83' lang='lat' dir='ltr'><strong>est,</strong></span> <span class='ocrx_word' id='word_1_189' title='bbox 756 1876 892 1919; x_wconf 83' lang='lat' dir='ltr'><strong>urbique</strong></span> <span class='ocrx_word' id='word_1_190' title='bbox 910 1877 1060 1917; x_wconf 79' lang='lat' dir='ltr'><strong>maritu53</strong></span> 
     </span>
     <span class='ocr_line' id='line_1_24' title="bbox 293 1928 990 1970; baseline 0 -10"><span class='ocrx_word' id='word_1_191' title='bbox 293 1928 432 1961; x_wconf 68' lang='lat' dir='ltr'><strong>Justttiae</strong></span> <span class='ocrx_word' id='word_1_192' title='bbox 448 1928 562 1966; x_wconf 79' lang='lat' dir='ltr'><strong>cultor,</strong></span> <span class='ocrx_word' id='word_1_193' title='bbox 576 1928 669 1970; x_wconf 78' lang='lat' dir='ltr'><strong>rigidi</strong></span> <span class='ocrx_word' id='word_1_194' title='bbox 686 1935 828 1960; x_wconf 78' lang='lat' dir='ltr'><strong>servator</strong></span> <span class='ocrx_word' id='word_1_195' title='bbox 845 1929 970 1960; x_wconf 85' lang='lat' dir='ltr'><strong>honesti</strong></span> <span class='ocrx_word' id='word_1_196' title='bbox 982 1955 990 1969; x_wconf 91' lang='lat'>‚</span> 
     </span>
    </p>
   </div>
   <div class='ocr_carea' id='block_1_3' title="bbox 291 1981 1147 2079">
    <p class='ocr_par' dir='ltr' id='par_1_5' title="bbox 291 1981 1147 2079">
     <span class='ocr_line' id='line_1_25' title="bbox 293 1981 1147 2024; baseline 0.004 -12"><span class='ocrx_word' id='word_1_197' title='bbox 293 1984 330 2013; x_wconf 90' lang='lat' dir='ltr'><strong>In</strong></span> <span class='ocrx_word' id='word_1_198' title='bbox 345 1992 512 2013; x_wconf 88' lang='lat' dir='ltr'><strong>commune</strong></span> <span class='ocrx_word' id='word_1_199' title='bbox 533 1981 635 2013; x_wconf 83' lang='lat' dir='ltr'><strong>bonus</strong></span> <span class='ocrx_word' id='word_1_200' title='bbox 647 2005 655 2018; x_wconf 95' lang='lat'>‚</span> <span class='ocrx_word' id='word_1_201' title='bbox 677 1982 845 2024; x_wconf 85' lang='lat' dir='ltr'><strong>nullosque</strong></span> <span class='ocrx_word' id='word_1_202' title='bbox 860 1983 989 2014; x_wconf 72' lang='lat' dir='ltr'><strong>Catonis</strong></span> <span class='ocrx_word' id='word_1_203' title='bbox 1007 1982 1040 2014; x_wconf 89' lang='lat' dir='ltr'><strong>in</strong></span> <span class='ocrx_word' id='word_1_204' title='bbox 1060 1989 1147 2016; x_wconf 77' lang='lat' dir='ltr'><strong>actus</strong></span> 
     </span>
     <span class='ocr_line' id='line_1_26' title="bbox 291 2035 1112 2079; baseline 0.005 -13"><span class='ocrx_word' id='word_1_205' title='bbox 291 2035 455 2079; x_wconf 81' lang='lat' dir='ltr'><strong>Subrepsit</strong></span> <span class='ocrx_word' id='word_1_206' title='bbox 475 2041 662 2079; x_wconf 75' lang='lat' dir='ltr'><strong>partemque</strong></span> <span class='ocrx_word' id='word_1_207' title='bbox 679 2036 750 2067; x_wconf 77' lang='lat' dir='ltr'><strong>tulit</strong></span> <span class='ocrx_word' id='word_1_208' title='bbox 763 2035 823 2068; x_wconf 87' lang='lat' dir='ltr'><strong>sibi</strong></span> <span class='ocrx_word' id='word_1_209' title='bbox 837 2042 910 2069; x_wconf 79' lang='lat' dir='ltr'><strong>nata</strong></span> <span class='ocrx_word' id='word_1_210' title='bbox 925 2036 1072 2079; x_wconf 84' lang='lat' dir='ltr'><strong>voluptas</strong></span> <span class='ocrx_word' id='word_1_211' title='bbox 1085 2035 1112 2070; x_wconf 86' lang='lat'><strong>².</strong></span> 
     </span>
    </p>
   </div>
   <div class='ocr_carea' id='block_1_4' title="bbox 102 2119 1478 2606">
    <p class='ocr_par' dir='ltr' id='par_1_6' title="bbox 102 2119 1478 2606">
     <span class='ocr_line' id='line_1_27' title="bbox 105 2119 1478 2176; baseline 0.003 -12"><span class='ocrx_word' id='word_1_212' title='bbox 105 2119 259 2176; x_wconf 84' lang='lat' dir='ltr'><strong>Qualis</strong></span> <span class='ocrx_word' id='word_1_213' title='bbox 288 2119 403 2165; x_wconf 91' lang='lat' dir='ltr'><strong>enim</strong></span> <span class='ocrx_word' id='word_1_214' title='bbox 424 2119 491 2165; x_wconf 88' lang='lat' dir='ltr'><strong>vir</strong></span> <span class='ocrx_word' id='word_1_215' title='bbox 508 2119 619 2165; x_wconf 85' lang='lat' dir='ltr'><strong>Cato</strong></span> <span class='ocrx_word' id='word_1_216' title='bbox 640 2119 797 2176; x_wconf 80' lang='lat' dir='ltr'><strong>fuerit,</strong></span> <span class='ocrx_word' id='word_1_217' title='bbox 825 2131 869 2166; x_wconf 88' lang='lat' dir='ltr'><strong>et</strong></span> <span class='ocrx_word' id='word_1_218' title='bbox 903 2130 1050 2166; x_wconf 87' lang='lat' dir='ltr'><strong>utrum</strong></span> <span class='ocrx_word' id='word_1_219' title='bbox 1083 2120 1128 2166; x_wconf 91' lang='lat' dir='ltr'><strong>in</strong></span> <span class='ocrx_word' id='word_1_220' title='bbox 1153 2137 1203 2166; x_wconf 90' lang='lat' dir='ltr'><strong>eo</strong></span> <span class='ocrx_word' id='word_1_221' title='bbox 1220 2137 1319 2167; x_wconf 86' lang='lat' dir='ltr'><strong>vera</strong></span> <span class='ocrx_word' id='word_1_222' title='bbox 1342 2122 1478 2169; x_wconf 87' lang='lat' dir='ltr'><strong>virtus</strong></span> 
     </span>
     <span class='ocr_line' id='line_1_28' title="bbox 102 2188 1477 2255; baseline 0.003 -21"><span class='ocrx_word' id='word_1_223' title='bbox 102 2189 391 2253; x_wconf 85' lang='lat' dir='ltr'><strong>honestasque</strong></span> <span class='ocrx_word' id='word_1_224' title='bbox 412 2188 589 2234; x_wconf 86' lang='lat' dir='ltr'><strong>laudata</strong></span> <span class='ocrx_word' id='word_1_225' title='bbox 611 2190 666 2235; x_wconf 90' lang='lat' dir='ltr'><strong>sit</strong></span> <span class='ocrx_word' id='word_1_226' title='bbox 681 2227 692 2246; x_wconf 86' lang='lat'><strong><em>‚</em></strong></span> <span class='ocrx_word' id='word_1_227' title='bbox 720 2190 803 2235; x_wconf 88' lang='lat' dir='ltr'><strong>alia</strong></span> <span class='ocrx_word' id='word_1_228' title='bbox 833 2190 1018 2253; x_wconf 85' lang='lat' dir='ltr'><strong>quaestio</strong></span> <span class='ocrx_word' id='word_1_229' title='bbox 1042 2202 1103 2236; x_wconf 87' lang='lat' dir='ltr'><strong>est</strong></span> <span class='ocrx_word' id='word_1_230' title='bbox 1126 2208 1136 2235; x_wconf 90' lang='lat'>:</span> <span class='ocrx_word' id='word_1_231' title='bbox 1160 2190 1214 2236; x_wconf 84' lang='lat' dir='ltr'><strong>ad</strong></span> <span class='ocrx_word' id='word_1_232' title='bbox 1238 2192 1477 2255; x_wconf 85' lang='lat' dir='ltr'><strong>quemlibet</strong></span> 
     </span>
     <span class='ocr_line' id='line_1_29' title="bbox 103 2259 1477 2326; baseline 0.001 -20"><span class='ocrx_word' id='word_1_233' title='bbox 103 2271 247 2307; x_wconf 88' lang='lat' dir='ltr'><strong>tamen</strong></span> <span class='ocrx_word' id='word_1_234' title='bbox 266 2261 396 2306; x_wconf 89' lang='lat' dir='ltr'><strong>finem</strong></span> <span class='ocrx_word' id='word_1_235' title='bbox 420 2276 496 2305; x_wconf 87' lang='lat' dir='ltr'><strong>sua</strong></span> <span class='ocrx_word' id='word_1_236' title='bbox 517 2259 690 2306; x_wconf 86' lang='lat' dir='ltr'><strong>referret</strong></span> <span class='ocrx_word' id='word_1_237' title='bbox 709 2260 851 2306; x_wconf 86' lang='lat' dir='ltr'><strong>officia</strong></span> <span class='ocrx_word' id='word_1_238' title='bbox 866 2298 878 2316; x_wconf 82' lang='lat'>‚</span> <span class='ocrx_word' id='word_1_239' title='bbox 909 2277 997 2305; x_wconf 89' lang='lat' dir='ltr'><strong>non</strong></span> <span class='ocrx_word' id='word_1_240' title='bbox 1026 2261 1176 2324; x_wconf 86' lang='lat' dir='ltr'><strong>utique</strong></span> <span class='ocrx_word' id='word_1_241' title='bbox 1205 2262 1294 2307; x_wconf 88' lang='lat' dir='ltr'><strong>sine</strong></span> <span class='ocrx_word' id='word_1_242' title='bbox 1316 2262 1477 2326; x_wconf 84' lang='lat' dir='ltr'><strong>volup-</strong></span> 
     </span>
     <span class='ocr_line' id='line_1_30' title="bbox 103 2331 1476 2394; baseline 0.001 -16"><span class='ocrx_word' id='word_1_243' title='bbox 103 2342 190 2378; x_wconf 86' lang='lat' dir='ltr'><strong>tate</strong></span> <span class='ocrx_word' id='word_1_244' title='bbox 213 2331 325 2377; x_wconf 84' lang='lat' dir='ltr'><strong>filios</strong></span> <span class='ocrx_word' id='word_1_245' title='bbox 347 2332 618 2394; x_wconf 76' lang='lat' dir='ltr'><strong>procreavit3</strong></span> <span class='ocrx_word' id='word_1_246' title='bbox 653 2342 696 2377; x_wconf 91' lang='lat' dir='ltr'><strong>et</strong></span> <span class='ocrx_word' id='word_1_247' title='bbox 730 2342 869 2376; x_wconf 86' lang='lat' dir='ltr'><strong>tamen</strong></span> <span class='ocrx_word' id='word_1_248' title='bbox 906 2331 1049 2377; x_wconf 88' lang='lat' dir='ltr'><strong>nullos</strong></span> <span class='ocrx_word' id='word_1_249' title='bbox 1087 2333 1264 2378; x_wconf 84' lang='lat' dir='ltr'><strong>Catonis</strong></span> <span class='ocrx_word' id='word_1_250' title='bbox 1292 2333 1337 2378; x_wconf 91' lang='lat' dir='ltr'><strong>in</strong></span> <span class='ocrx_word' id='word_1_251' title='bbox 1356 2345 1476 2380; x_wconf 83' lang='lat' dir='ltr'><strong>actus</strong></span> 
     </span>
     <span class='ocr_line' id='line_1_31' title="bbox 103 2401 1478 2465; baseline 0 -16"><span class='ocrx_word' id='word_1_252' title='bbox 103 2403 321 2465; x_wconf 88' lang='lat' dir='ltr'><strong>subrepsit</strong></span> <span class='ocrx_word' id='word_1_253' title='bbox 345 2412 598 2465; x_wconf 85' lang='lat' dir='ltr'><strong>partemque</strong></span> <span class='ocrx_word' id='word_1_254' title='bbox 619 2401 716 2447; x_wconf 86' lang='lat' dir='ltr'><strong>tulit</strong></span> <span class='ocrx_word' id='word_1_255' title='bbox 735 2401 819 2447; x_wconf 87' lang='lat' dir='ltr'><strong>sibi</strong></span> <span class='ocrx_word' id='word_1_256' title='bbox 839 2412 938 2446; x_wconf 84' lang='lat' dir='ltr'><strong>nata</strong></span> <span class='ocrx_word' id='word_1_257' title='bbox 955 2401 1154 2464; x_wconf 82' lang='lat' dir='ltr'><strong>voluptas</strong></span> <span class='ocrx_word' id='word_1_258' title='bbox 1177 2419 1187 2446; x_wconf 91' lang='lat'>:</span> <span class='ocrx_word' id='word_1_259' title='bbox 1209 2403 1416 2465; x_wconf 85' lang='lat' dir='ltr'><strong>quoniam</strong></span> <span class='ocrx_word' id='word_1_260' title='bbox 1435 2415 1478 2449; x_wconf 89' lang='lat' dir='ltr'><strong>et</strong></span> 
     </span>
     <span class='ocr_line' id='line_1_32' title="bbox 103 2471 1478 2537; baseline 0 -18"><span class='ocrx_word' id='word_1_261' title='bbox 103 2473 222 2537; x_wconf 89' lang='lat' dir='ltr'><strong>quod</strong></span> <span class='ocrx_word' id='word_1_262' title='bbox 244 2490 330 2518; x_wconf 89' lang='lat' dir='ltr'><strong>non</strong></span> <span class='ocrx_word' id='word_1_263' title='bbox 353 2471 540 2517; x_wconf 83' lang='lat' dir='ltr'><strong>faciebat</strong></span> <span class='ocrx_word' id='word_1_264' title='bbox 565 2473 653 2517; x_wconf 90' lang='lat' dir='ltr'><strong>sine</strong></span> <span class='ocrx_word' id='word_1_265' title='bbox 680 2471 928 2534; x_wconf 83' lang='lat' dir='ltr'><strong>voluptate,</strong></span> <span class='ocrx_word' id='word_1_266' title='bbox 955 2488 1044 2516; x_wconf 90' lang='lat' dir='ltr'><strong>non</strong></span> <span class='ocrx_word' id='word_1_267' title='bbox 1074 2471 1263 2517; x_wconf 83' lang='lat' dir='ltr'><strong>faciebat</strong></span> <span class='ocrx_word' id='word_1_268' title='bbox 1298 2484 1478 2536; x_wconf 77' lang='lat' dir='ltr'><strong>propter</strong></span> 
     </span>
     <span class='ocr_line' id='line_1_33' title="bbox 103 2540 1475 2606; baseline 0 -17"><span class='ocrx_word' id='word_1_269' title='bbox 103 2543 397 2606; x_wconf 82' lang='lat' dir='ltr'><strong>voluptatem3</strong></span> <span class='ocrx_word' id='word_1_270' title='bbox 423 2558 503 2586; x_wconf 89' lang='lat' dir='ltr'><strong>nec</strong></span> <span class='ocrx_word' id='word_1_271' title='bbox 522 2541 568 2586; x_wconf 86' lang='lat' dir='ltr'><strong>in</strong></span> <span class='ocrx_word' id='word_1_272' title='bbox 594 2542 749 2588; x_wconf 84' lang='lat' dir='ltr'><strong>morbo</strong></span> <span class='ocrx_word' id='word_1_273' title='bbox 775 2542 904 2602; x_wconf 81' lang='lat' dir='ltr'><strong>hujus</strong></span> <span class='ocrx_word' id='word_1_274' title='bbox 921 2540 1122 2588; x_wconf 86' lang='lat' dir='ltr'><strong>desiderii</strong></span> <span class='ocrx_word' id='word_1_275' title='bbox 1141 2558 1268 2587; x_wconf 85' lang='lat' dir='ltr'><strong>suum</strong></span> <span class='ocrx_word' id='word_1_276' title='bbox 1286 2559 1358 2589; x_wconf 87' lang='lat' dir='ltr'><strong>vas</strong></span> <span class='ocrx_word' id='word_1_277' title='bbox 1379 2560 1475 2606; x_wconf 88' lang='lat' dir='ltr'><strong>pos-</strong></span> 
     </span>
    </p>
   </div>
   <div class='ocr_carea' id='block_1_5' title="bbox 150 2622 854 2665">
    <p class='ocr_par' dir='ltr' id='par_1_7' title="bbox 150 2622 854 2665">
     <span class='ocr_line' id='line_1_34' title="bbox 150 2622 854 2665; baseline 0.001 -9"><span class='ocrx_word' id='word_1_278' title='bbox 150 2626 162 2649; x_wconf 81' lang='lat'>1</span> <span class='ocrx_word' id='word_1_279' title='bbox 190 2637 201 2656; x_wconf 92' lang='lat'>1</span> <span class='ocrx_word' id='word_1_280' title='bbox 227 2626 299 2657; x_wconf 84' lang='lat' dir='ltr'><strong>Cor.</strong></span> <span class='ocrx_word' id='word_1_281' title='bbox 318 2635 382 2665; x_wconf 76' lang='grc' dir='ltr'><strong>ΧΠ,</strong></span> <span class='ocrx_word' id='word_1_282' title='bbox 399 2625 454 2657; x_wconf 77' lang='lat'><strong>23.</strong></span> <span class='ocrx_word' id='word_1_283' title='bbox 475 2639 520 2647; x_wconf 88' lang='lat'>—</span> <span class='ocrx_word' id='word_1_284' title='bbox 537 2622 553 2646; x_wconf 79' lang='lat'><strong>²</strong></span> <span class='ocrx_word' id='word_1_285' title='bbox 568 2625 724 2657; x_wconf 82' lang='lat' dir='ltr'><strong>Lueianus</strong></span> <span class='ocrx_word' id='word_1_286' title='bbox 740 2625 797 2660; x_wconf 87' lang='lat' dir='ltr'><strong>lib.</strong></span> <span class='ocrx_word' id='word_1_287' title='bbox 821 2637 854 2661; x_wconf 68' lang='grc' dir='ltr'><strong>α.</strong></span> 
     </span>
    </p>
   </div>
  </div>
 </body>
</html>
