1843 3190
237 283 413 315 CONTRA
445 282 674 315 JULIANUM
709 280 1011 313 PELAGIANUM.
1053 281 1143 313 LIB.
1181 283 1213 315 1.
1325 270 1410 317 105

17 360 19 381 ³
43 349 228 400 verunt1
252 367 263 394 z
287 350 364 413 qui
388 348 543 395 modus
558 348 634 395 hic
657 358 749 404 est,
772 359 822 394 ut
837 358 1018 412 peccato
1042 347 1158 395 illius
1183 350 1310 397 unius
1330 351 1416 397 ho-

18 428 20 487 i
44 422 170 468 minis
187 421 320 484 primi
350 437 497 465 omnes
516 418 635 465 nasci
661 418 898 465 credantur
927 419 1116 466 obnoxii.
1151 420 1197 466 Si
1221 420 1307 466 hoc
1340 421 1418 484 qui

19 494 22 530 ἓ
46 491 179 547 dicit,
206 490 477 536 Manichaeus
502 489 579 535 abs
603 499 643 534 te
662 489 825 535 dicitur
847 507 859 536 ε
890 489 992 535 istos
1010 489 1155 553 aspice
1178 527 1189 545 ,
1213 491 1303 536 istis
1322 507 1419 536 eru-

20 587 23 599 =
44 563 168 608 besee
184 598 195 616 ,
221 560 313 605 istis
332 577 461 623 parce
477 597 487 615 ‚
515 559 584 604 vel
601 559 683 605 tibi
709 560 856 623 potius
872 597 883 616 ,
904 577 957 605 ne
979 570 1119 605 rector
1136 571 1178 606 et
1195 561 1420 606 habitator

21 639 23 673 ῑ
45 631 219 678 illorum
245 630 327 675 tibi
346 630 454 675 forte
477 647 564 675 non
584 640 752 693 parcat.
783 630 828 675 Si
852 640 998 675 autem
1021 630 1125 675 istos
1148 631 1419 676 Manichaeos

22 723 26 741 ›
46 717 130 746 esse
147 717 237 745 non
259 699 368 744 dicis
386 737 396 754 ‚
429 716 508 745 nec
531 717 598 744 me
617 700 779 763 poteris
796 701 992 746 invenire
1011 717 1088 745 cur
1105 699 1238 747 dicas.
1270 701 1420 763 Neque

23 761 159 829 {enim
185 787 253 815 me
280 770 338 814 ob
364 769 481 814 aliud
514 769 602 815 hoc
634 787 719 815 esse
741 769 875 824 dicis,
908 769 989 814 nisi
1020 769 1123 832 quia
1161 769 1214 815 de
1238 779 1421 833 peccato

24 832 177 905 lprimi
201 840 417 897 hominis,
445 841 516 885 cui
547 857 692 886 omnes
723 840 906 886 carnalis
938 841 1141 886 nativitas
1178 840 1418 900 obligavit,

47 928 126 957 nec
147 910 246 956 inde
266 927 531 974 quemquam
556 910 640 955 nisi
670 910 875 973 spiritalis
895 909 1096 955 nativitas
1122 910 1279 966 solvit,
1300 909 1422 973 quod

48 979 234 1026 credunt
256 980 386 1024 credo
406 1016 416 1035 ‚
445 980 565 1042 quod
589 991 736 1025 tenent
757 991 880 1025 teneo
895 1017 905 1035 ,
933 979 1051 1042 quod
1072 979 1232 1025 docent
1256 979 1392 1025 doceo
1408 1016 1420 1035 ‚

50 1049 167 1114 quod
188 1048 432 1112 praedicant
460 1048 669 1111 praedico.
706 1050 803 1094 Istis
829 1049 932 1094 cede
949 1085 959 1104 ,
988 1059 1030 1093 et
1046 1066 1133 1093 non
1157 1065 1224 1093 me
1245 1047 1385 1094 caedes
1409 1065 1421 1092 :

52 1118 273 1181 acquiesce
306 1118 419 1172 istis,
448 1127 489 1162 et
514 1118 706 1180 quiesces
738 1136 760 1163 a
786 1135 866 1164 me.
898 1119 1122 1163 Postremo
1150 1118 1185 1162 si
1208 1117 1320 1162 mihi
1347 1134 1426 1180 per

51 1205 120 1234 eos
145 1188 238 1232 fieri
257 1205 343 1233 non
368 1187 431 1232 vis
452 1188 616 1232 amicus
634 1224 645 1243 ,
669 1187 818 1232 saltem
846 1198 970 1250 peto,
991 1204 1044 1232 ne
1063 1204 1140 1250 per
1159 1204 1227 1232 me
1250 1186 1427 1232 illorum

31 1257 246 1329 {efficiaris
269 1257 485 1303 inimicus.
517 1256 603 1302 Sed
628 1257 850 1320 quomodo
869 1273 956 1302 non
975 1256 1198 1303 efficieris?
1224 1257 1322 1302 siin
1344 1256 1425 1302 isto

33 1336 191 1382 terrore
210 1326 525 1389 permanseris?
549 1327 726 1383 Quanto
746 1344 846 1387 ergo
866 1327 1020 1372 melius
1039 1364 1050 1383 ‚
1074 1337 1123 1372 ut
1140 1326 1210 1372 his
1228 1325 1424 1382 accedas,

33 1386 110 1468 lab
135 1397 209 1443 illo
229 1397 412 1444 recedes.
449 1398 724 1443 Tantum-ne
753 1398 873 1461 apud
898 1408 938 1444 te
960 1407 1143 1461 possunt
1170 1396 1370 1456 Pelagius
1388 1407 1429 1441 et

34 1482 38 1494 ³
56 1467 282 1514 Coelestius
298 1504 307 1522 ‚
332 1478 379 1512 ut
400 1486 422 1513 a
444 1467 542 1512 solis
560 1478 657 1513 ortu
676 1485 812 1531 usque
832 1467 889 1513 ad
907 1484 1111 1513 occasum
1130 1477 1194 1512 tot
1215 1484 1266 1512 ac
1290 1477 1431 1512 tantos

55 1537 283 1582 catholicae
304 1537 406 1582 fidei
429 1537 625 1583 doctores
644 1549 685 1583 et
701 1536 942 1583 defensores
962 1574 973 1594 ‚
997 1537 1196 1600 antiquos
1212 1547 1255 1582 et
1273 1547 1431 1582 nostrae

20 1616 39 1638 ·¹
58 1608 173 1653 aetati
200 1608 425 1667 contiguos
444 1645 454 1663 ‚
478 1608 737 1654 dormientes
751 1619 792 1653 et
813 1618 1031 1654 manentes
1046 1645 1058 1664 ,
1081 1625 1170 1653 non
1193 1605 1334 1653 solum
1351 1607 1432 1653 de-

38 1668 209 1732 isereoe,
224 1677 508 1723 verumetiam
526 1679 796 1724 Manichaeos
813 1677 970 1724 audeas
988 1677 1234 1741 appellare?
1250 1677 1388 1723 Miror
1400 1677 1434 1722 si

38 1743 144 1848 ihoc
167 1747 400 1811 aliquando
424 1765 471 1793 ex
494 1758 569 1794 tuo
592 1750 755 1811 poterit
779 1766 850 1795 ore
870 1748 1107 1812 procedere
1127 1785 1138 1805 ,
1167 1747 1288 1811 quod
1307 1758 1346 1792 te
1366 1758 1435 1793 ta-

23 1841 25 1847 <
59 1835 158 1863 men
180 1818 366 1864 clamare
388 1819 580 1882 pravitas
613 1820 677 1865 tui
707 1820 933 1883 compellit
954 1819 1123 1866 erroris.
1158 1818 1243 1864 Sed
1278 1818 1438 1864 mirum

24 1849 44 1956 Ι’1
61 1889 95 1935 si
118 1890 164 1934 in
179 1888 288 1935 facie
312 1890 502 1936 hominis
530 1902 702 1937 tantum
731 1890 1007 1938 intervallum
1032 1901 1093 1936 est
1123 1890 1234 1936 inter
1250 1889 1437 1936 frontem

27 1957 323 2023 [{etlingua1n‚
342 1961 444 2006 utin
458 1961 542 2007 hac
561 1979 689 2007 causa
702 1961 821 2007 frons
837 1979 927 2007 non
945 1960 1211 2024 comprimat
1223 1960 1431 2021 linguam.

42 2025 45 2039 ³
127 2032 246 2076 XXI.
278 2030 362 2076 Sed
382 2031 489 2094 quid
511 2033 707 2078 mussites
725 2069 736 2088 ,
764 2032 881 2078 novi.
914 2032 996 2077 Dic
1013 2034 1126 2091 jam,
1151 2030 1247 2086 dic,
1283 2030 1440 2077 audia—

28 2135 33 2142 r,
63 2117 172 2147 mus.
198 2101 249 2145 In
270 2111 456 2146 extremo
484 2103 547 2148 tui
571 2103 712 2165 operis
733 2102 787 2148 de
810 2119 898 2166 quo
924 2118 1045 2148 nunc
1066 2102 1232 2161 agimus
1249 2138 1260 2157 ‚
1284 2101 1331 2147 id
1350 2112 1437 2156 est,

63 2170 108 2216 in
130 2170 276 2234 quarti
302 2170 405 2215 libri
439 2182 559 2233 parte
589 2171 834 2218 novissima.
876 2193 898 2213 c<
921 2172 1107 2217 Sanctus
1126 2170 1313 2215 «loannes
1330 2206 1342 2225 ‚
1369 2169 1443 2214 in-

65 2240 163 2304 quis
180 2277 191 2295 ,
217 2241 731 2304 Constantinopolitanus
752 2251 880 2300 negat
904 2257 990 2286 esse
1012 2240 1058 2285 in
1085 2238 1279 2303 parvulis
1308 2238 1444 2298 origi-

29 2310 34 2377 l
65 2310 161 2356 nale
180 2321 423 2373 peccatum.
456 2313 507 2356 In
524 2329 571 2357 ea
597 2312 763 2374 quippe
780 2310 963 2356 homilia
978 2347 988 2366 ,
1017 2327 1151 2374 quam
1177 2309 1230 2355 de
1249 2309 1444 2373 baptiza-

30 2387 37 2453 ’ξ
66 2381 119 2427 tis
136 2381 296 2426 habuit
315 2399 325 2426 :
347 2381 604 2428 Benedictus
618 2419 629 2436 ‚
651 2381 796 2445 inquit
811 2419 821 2437 ‚
846 2382 983 2437 Deus,
1004 2380 1083 2444 qui
1098 2380 1200 2426 fecit
1220 2379 1437 2425 mirabilia

34 2449 39 2490 ³?
69 2449 209 2506 solus,
250 2451 326 2513 qui
364 2450 465 2497 fecit
498 2452 698 2497 universa
718 2488 728 2507 ‚
770 2462 813 2497 et
849 2452 1063 2497 convertit
1090 2450 1303 2496 universa.
1335 2450 1449 2495 Eece

31 2539 36 2590 g
66 2518 276 2566 libertatis
307 2522 530 2568 serenitate
569 2521 856 2586 perfruuntur
895 2521 973 2587 qui
1013 2520 1274 2568 tenebantur
1312 2517 1444 2583 paulo

120 2603 131 2626 ¹
152 2606 252 2637 Rom.
274 2615 304 2642 v,
322 2615 374 2637 12.

56 2795 63 3019 Ἦ

61 3105 65 3190 ἱ

28 2262 37 2269 -ι
