1843 3190
286 350 458 383 coxraA
493 349 720 382 JUHANUM
755 346 1063 390 PELAGIANUM,
1103 346 1190 378 Lm.
1232 346 1293 377 vr.
1368 320 1495 393 393.

89 419 325 473 rhetorem,
350 435 450 464 cum
471 418 562 481 ipse
587 416 801 462 accidenti
820 416 926 462 vitio
960 415 1105 460 luscus
1130 422 1264 469 esset,
1295 411 1465 457 luscum

91 490 230 535 filium
258 506 516 552 procreasse.
539 488 638 544 Quo
656 487 848 550 exemplo
873 486 1078 531 evertitur
1103 484 1177 530 illa
1202 494 1276 528 tua
1300 492 1465 527 senten-

90 560 168 614 tia,
191 576 276 621 qua
300 559 433 614 dicis,
466 581 480 598 «
502 555 725 603 Naturalia
745 574 824 620 per
851 555 1050 602 accidens
1082 571 1171 600 non
1197 551 1408 607 converti,
1434 573 1450 591 »

94 629 307 676 Accidens
336 629 502 692 quippe
530 627 614 673 fuit
639 629 684 672 in
707 638 857 690 patre,
882 625 1002 690 quod
1026 625 1191 670 factum
1226 633 1287 668 est
1310 623 1354 667 in
1380 620 1470 666 filio

92 699 301 744 naturale.
336 699 460 743 lllam
492 715 592 743 vero
620 698 825 752 alteram,
848 714 934 760 qua
960 695 1130 750 dicitis,
1164 715 1184 734 α
1203 697 1407 738 Parentes
1425 691 1471 736 in

93 770 203 814 filios
228 786 275 814 ea
295 786 394 832 quae
422 786 511 813 non
528 768 696 813 habent
715 768 799 830 ipsi
826 784 913 812 non
947 783 1072 829 posse
1100 762 1428 816 transfundere,
1451 781 1472 802 >2

97 839 203 884 alius
225 838 440 883 Fundanii
467 838 582 883 filius
600 875 611 893 ,
643 837 763 901 quod
792 837 974 882 maxime
1003 836 1208 881 usitatum
1236 843 1299 878 est
1319 869 1330 888 ,
1371 847 1473 876 cum

96 909 269 954 duobus
294 909 429 954 oculis
453 909 505 954 (le
527 909 647 953 lusco
686 918 812 953 natus
847 907 998 953 evertit
1020 943 1031 962 ,
1070 916 1111 951 et
1134 900 1474 950 innumerabiles

96 980 174 1043 qui
209 990 448 1025 nascuntur
483 979 644 1024 oculati
680 979 733 1024 de
772 978 1027 1042 parentibus
1052 975 1193 1022 caecis.
1225 970 1475 1018 Transmit-

98 1049 229 1095 tendo
253 1050 418 1113 quippe
434 1050 479 1095 in
500 1067 568 1095 eos
591 1067 701 1114 quos
725 1050 908 1109 gignunt
935 1047 1054 1111 quod
1081 1047 1164 1110 ipsi
1182 1062 1270 1092 non
1286 1043 1473 1098 habent,

97 1138 174 1166 vos
191 1121 336 1184 potius
356 1137 489 1183 quam
507 1137 603 1165 suos
620 1120 732 1165 filios
753 1119 836 1164 sibi
860 1118 1017 1164 similes
1039 1134 1125 1162 esse
1145 1116 1444 1162 demonstrant
1461 1147 1473 1167 ,

101 1192 174 1254 qui
194 1202 279 1236 tam
304 1191 443 1236 fuistis
467 1191 511 1235 in
523 1190 673 1236 vestris
701 1189 1033 1235 definitionibus
1058 1189 1178 1233 caeci.

167 1263 307 1308 XVII.
335 1262 446 1306 Sane
468 1278 570 1306 cum
590 1278 637 1306 ea
661 1277 762 1324 quae
787 1259 842 1305 ad
873 1276 963 1304 rem
994 1275 1083 1303 non
1112 1257 1332 1320 pertinent
1361 1252 1483 1301 mul-

102 1341 197 1376 tum
214 1331 420 1393 loqueris,
441 1329 584 1375 dixisti
609 1329 776 1393 aliquid
804 1328 920 1374 unde
957 1346 1024 1373 me
1047 1326 1261 1391 quiddam
1286 1325 1405 1389 quod
1429 1322 1485 1368 ad

103 1418 193 1446 rem
207 1401 394 1464 pertinet
425 1400 697 1457 admoneres,
722 1400 800 1445 ubi
825 1399 950 1453 aisti,
979 1419 1000 1439 «
1027 1397 1332 1444 Curiositatem
1365 1392 1485 1458 quod

106 1470 511 1533 comprehenderit,
539 1471 684 1516 minus
715 1469 847 1515 solere
876 1469 1054 1525 mirari3
1086 1478 1127 1513 et
1164 1467 1371 1512 adversus
1394 1480 1489 1510 eam

107 1540 316 1586 divinitus
334 1540 463 1586 fuisse
496 1541 748 1603 provisum,
778 1550 826 1585 ut
858 1539 996 1584 multa
1018 1538 1071 1584 de
1104 1549 1217 1583 terra
1250 1534 1490 1582 innumeris

108 1611 293 1657 discreta
312 1611 657 1674 proprietatibus
696 1612 987 1671 gignerentur.
1016 1611 1074 1654 Et
1104 1626 1149 1654 re
1179 1624 1279 1653 vera
1299 1607 1400 1652 haec
1430 1613 1491 1650 est

107 1681 270 1726 utilitas
291 1681 562 1726 occultorum
589 1698 769 1744 operum
795 1681 895 1738 Dei,
922 1697 977 1725 ne
1003 1688 1212 1743 prompta
1244 1677 1454 1723 vilescant
1477 1710 1488 1730 ,

109 1770 163 1798 ne
195 1753 507 1815 comprehensa
530 1752 640 1798 mira
665 1769 750 1797 esse
774 1751 994 1797 desistant.
1042 1749 1167 1795 Unde
1191 1758 1233 1794 et
1263 1747 1494 1810 Scriptura

111 1823 218 1868 dicit
240 1841 250 1867 τ
275 1823 432 1868 «Sicut
458 1840 547 1868 ossa
568 1823 614 1868 in
633 1833 781 1868 ventre
798 1821 1089 1885 praegnantis,
1112 1820 1171 1865 ita
1191 1836 1278 1866 non
1305 1815 1499 1877 agnoscis

113 1914 134 1934 »
160 1910 288 1955 opera
314 1893 394 1937 Dei
415 1909 704 1955 quaecumque
723 1892 853 1938 faciet
877 1889 1125 1937 universa1.
1153 1910 1172 1929 υ
1195 1890 1331 1934 Recte
1352 1887 1500 1950 itaque

113 1974 156 2008 et
177 1964 269 2026 ipse
288 1962 453 2019 dixisti,
486 1973 639 2008 contra
660 1962 954 2008 curiositatem
979 1977 1082 2024 quae
1108 1959 1253 2004 minus
1286 1956 1394 2002 solet
1415 1954 1496 2000 mi-

113 2034 198 2079 rari
232 2033 352 2096 quod
385 2034 579 2097 potuerit
603 2032 1005 2096 comprehendere,
1037 2024 1502 2092 incomprehensibilia

116 2121 202 2149 esse
219 2120 350 2165 opera
365 2104 458 2150 Dei.
485 2103 576 2149 Cur
595 2121 694 2163 ergo
709 2104 904 2148 humana
921 2101 1177 2165 opinatione
1198 2097 1369 2143 conaris
1386 2112 1503 2141 ever-

118 2185 222 2229 tere,
240 2173 359 2236 quod
383 2174 528 2219 minus
552 2174 665 2220 vales
683 2174 727 2219 in
744 2174 892 2219 divina
915 2172 1085 2218 ratione
1106 2166 1508 2233 comprehendere?

119 2246 211 2303 Ego
232 2243 431 2307 quidem,
461 2260 550 2288 non
575 2244 589 2306 (
607 2255 655 2289 ut
677 2254 725 2288 tu
761 2242 1072 2304 calumniaris)
1104 2240 1191 2286 dixi
1210 2277 1220 2293 ,
1241 2260 1261 2279 «
1282 2236 1415 2284 Nulla
1433 2253 1507 2281 ra-

123 2316 238 2360 tione
262 2314 579 2377 comprehendi
597 2331 740 2378 posse3
757 2336 776 2354 >³
801 2313 874 2359 sed
895 2313 982 2358 dixi
1001 2349 1011 2368 ,
1044 2333 1065 2353 <c
1080 2310 1215 2356 Facili
1234 2308 1400 2354 ratione
1417 2323 1507 2352 non

121 2402 257 2448 posse.
287 2406 308 2426 ›>
331 2385 641 2430 Verumtamen
678 2383 787 2448 quid
817 2384 850 2430 si
870 2394 1024 2429 contra
1057 2381 1215 2427 vitium
1248 2377 1510 2425 curiositatis

121 2456 346 2511 humanae,
372 2455 445 2501 cui
462 2455 616 2511 solent,
639 2466 689 2502 ut
716 2457 808 2519 ipse
825 2470 1141 2503 commemoras
1157 2489 1168 2508 ,
1193 2449 1509 2513 comprehensa

124 2525 351 2581 vilescere,
384 2526 513 2571 etiam
547 2526 636 2572 hoc
673 2528 790 2572 Deus
827 2523 1204 2588 quemadmodum
1241 2519 1412 2574 multa,
1449 2517 1510 2562 sic

126 2595 346 2642 occultare
367 2596 509 2643 voluit
525 2633 537 2653 ,
560 2606 610 2642 ut
637 2596 684 2643 id
703 2596 961 2656 investigare
981 2606 1112 2660 atque
1135 2586 1509 2655 comprehendere

177 2680 187 2701 ¹
213 2679 316 2713 Eccle.
340 2690 385 2718 xr,
406 2681 441 2712 5.
