1843 3190
82 315 254 355 CONTRA
290 319 402 355 DUAS‘
439 319 673 355 EthTOLAS
710 318 1078 368 PELAGMNORUMj
1117 323 1203 360 LIB.
1247 325 1305 362 {Va
1380 310 1440 378 [49

14 380 18 425 ἱ
78 385 213 437 ritum
230 387 307 455 qui
330 387 520 437 vivificat
534 385 551 419 1
571 408 581 435 ε
603 387 655 436 ad
674 401 804 453 quam
830 388 909 437 Dei
926 389 1104 452 gratiam
1123 390 1186 441 lex
1199 392 1252 443 de
1270 412 1445 461 praevaa

14 457 17 511 ζ
78 460 286 508 ricatione
306 461 504 508 terrendo
528 471 733 524 tanquam
756 461 1018 524 paedagogus
1037 463 1240 527 perducit
1254 469 1291 525 2,
1314 481 1364 515 ut
1386 473 1447 517 sic

15 541 18 573 ἱ
80 530 324 577 conferatur
347 531 516 576 homini
532 568 543 586 ‚
571 531 689 593 quod
709 531 901 577 conferre
923 532 1015 594 ipsa
1038 551 1126 580 non
1156 538 1316 599 potuit.
1351 542 1448 588 Istis

78 616 267 664 namque
288 601 429 647 verbis
453 617 599 645 eorum
618 637 629 655 ,
649 602 810 663 quibus
825 601 977 647 dicunt
995 620 1004 646 :
1029 625 1050 644 c<
1067 605 1222 665 Legem
1241 610 1447 673 Prophe-

16 695 19 733 g
79 669 132 714 tis
156 681 198 715 et
227 670 493 716 Patri-archis
517 671 806 733 omnibusque
834 673 991 718 sanctis
1012 675 1215 721 mandata
1241 683 1330 738 ejus
1356 699 1447 728 ser-

17 748 19 799 ζ
77 740 281 786 vantibus
303 740 435 786 vitam
452 740 644 802 potuisse
663 740 857 785 conferre
870 753 1124 804 perpetuam
1146 762 1156 789 :
1177 767 1197 787 »
1217 751 1451 811 respondet

78 810 308 872 Apostolus
331 828 341 855 :
361 831 382 852 <c
403 810 450 855 Si
473 827 551 873 per
576 809 711 870 legem
738 811 930 869 justitia,
962 829 1062 871 ergo
1087 813 1287 863 Christus
1319 822 1450 880 gratis

19 874 21 915 ἶ
78 900 100 921 >)
121 891 318 926 mortuus
336 891 397 925 est
412 880 443 926 5.
471 902 490 921 »
517 880 563 925 Si
586 898 633 925 ex
655 880 744 939 lege
769 881 1024 938 haereditas,
1044 886 1135 941 jam
1159 903 1248 931 non
1273 907 1318 934 ex
1340 908 1448 953 pro-

76 950 289 995 missione.
321 951 367 996 Si
389 951 438 995 hi
453 950 529 1013 qui
548 968 626 1013 per
641 950 776 1010 legem
795 951 988 997 haeredes
1012 967 1110 997 sunt
1126 990 1136 1008 ‚
1160 957 1370 1005 exinanita
1386 974 1448 1007 est

0 1015 3 1022 ⁴
76 1019 209 1076 fides,
246 1030 287 1066 et
319 1030 526 1065 evacuata
553 1030 615 1064 est
644 1020 886 1081 promissio.
915 1042 935 1060 «
962 1022 1074 1076 Quia
1114 1035 1253 1070 autem
1282 1030 1328 1072 in
1354 1030 1446 1090 lege

20 1075 23 1088 ⁸
76 1109 97 1130 »
119 1106 244 1135 nemo
275 1090 540 1149 justificatur
571 1089 689 1152 apud
724 1091 892 1146 Deum,
925 1090 1198 1138 manifestum
1228 1107 1312 1153 est,
1344 1101 1448 1162 quia

22 1185 23 1193 κ
76 1162 258 1218 »justus
284 1178 330 1206 ex
347 1159 433 1205 fide
456 1160 576 1206 vivit.
600 1162 684 1204 Lex
705 1171 847 1205 autem
866 1178 953 1205 non
977 1172 1106 1207 estex
1131 1164 1218 1209 fide
1237 1203 1247 1223 ‚
1280 1168 1353 1214 sed
1371 1172 1447 1234 qui

22 1234 25 1288 ξ
77 1251 98 1272 »
119 1229 266 1277 fecerit
282 1249 356 1284 ea,
380 1231 495 1278 vivet
518 1231 564 1277 in
591 1230 716 1278 illis&
749 1252 768 1273 »
800 1232 931 1288 Quod
954 1249 1001 1277 ex
1035 1232 1126 1292 lege
1152 1237 1446 1287 testimonium

76 1313 460 1348 commemoratum
487 1302 543 1348 ab
567 1302 774 1365 Apostolo
800 1313 981 1366 propter
1002 1304 1133 1349 vitam
1167 1311 1447 1371 temporalem

74 1371 346 1432 intelligitur,
373 1383 555 1436 propter
581 1376 704 1431 cujus
729 1373 978 1418 amittendae
1004 1374 1201 1421 timorem
1228 1378 1447 1428 faciebant

25 1487 27 1491 Α
75 1441 272 1488 homines
290 1443 394 1502 legis
415 1460 546 1506 opera
561 1479 572 1499 ,
594 1459 683 1487 non
704 1460 749 1487 ex
773 1442 858 1487 fide
875 1463 885 1496 ;
904 1443 1007 1506 quia
1039 1455 1361 1505 transgressores
1384 1451 1449 1497 le—

25 1534 27 1568 3
77 1513 139 1572 gis
161 1512 309 1558 eadem
331 1512 421 1572 lege
447 1531 470 1558 a
493 1512 663 1576 populo
680 1513 954 1571 jubebantur
977 1514 1132 1561 occidi.
1161 1518 1249 1562 Aut
1265 1519 1297 1564 si
1323 1520 1450 1568 altius

26 1574 27 1582 ἵ
75 1581 407 1641 intelligendum
428 1593 510 1638 est,
532 1593 714 1645 propter
732 1583 865 1628 vitam
882 1594 1087 1628 aeternam
1103 1586 1312 1648 scriptum
1333 1607 1417 1637 esse
1437 1611 1447 1637 ε

76 1673 97 1694 «
112 1651 358 1709 Quifecerit
377 1670 424 1698 ea
436 1689 447 1709 ,
468 1653 584 1698 vivet
601 1653 645 1698 in
666 1652 749 1697 illis
768 1671 778 1697 :
797 1653 926 1698 »ideo
940 1653 999 1698 sic
1014 1671 1256 1717 expressum
1271 1670 1332 1704 est
1347 1660 1450 1721 legis

27 1717 29 1783 ᾗ
74 1722 329 1785 imperium,
365 1734 414 1768 ut
435 1723 666 1768 infirmitas
700 1722 888 1768 hominis
915 1725 957 1768 in
984 1741 1025 1769 se
1052 1725 1146 1786 ipsa
1170 1726 1372 1775 deficiens
1395 1732 1450 1777 ad

28 1787 29 1792 ¹
75 1791 273 1838 facienda
306 1810 407 1856 quae
442 1792 506 1838 lex
530 1794 745 1856 imperat,
777 1793 829 1838 de
854 1794 988 1852 gratia
1017 1794 1094 1839 Dei
1119 1797 1263 1857 potius
1288 1816 1335 1844 ex
1364 1802 1450 1848 fide

77 1873 289 1925 quaereret
307 1863 574 1922 adjutorium
588 1899 599 1918 ‚
627 1866 753 1922 cujus
770 1862 1064 1908 misericordia
1087 1865 1213 1910 etiam
1231 1868 1336 1914 fides
1358 1871 1451 1934 ipsa

77 1933 279 1980 donatur.
306 1935 373 1978 lta
397 1934 563 1997 quippe
587 1933 776 1979 habetur
800 1933 905 1979 fides
920 1971 931 1989 ,
953 1934 1064 1979 sicut
1084 1937 1319 2002 unicuique
1338 1942 1452 1988 Deus

30 2009 31 2013 ’
76 2004 262 2066 partitus
287 2014 349 2049 est
373 2020 620 2048 mensuram
654 2003 770 2049 fidei.
803 2004 847 2048 Si
871 2005 983 2048 enim
1011 2021 1099 2049 non
1126 2023 1146 2050 a
1171 2024 1212 2051 se
1234 2008 1337 2070 ipsis
1368 2011 1454 2057 ha-

76 2073 184 2119 bent
197 2111 208 2130 ‚
229 2074 302 2119 sed
318 2074 542 2137 accipiunt
557 2074 755 2119 homines
767 2074 964 2136 spiritum
984 2075 1156 2121 virtutis
1173 2088 1215 2122 et
1231 2079 1454 2128 charitatis

32 2154 34 2203 ᾗ
78 2153 120 2189 et
154 2144 486 2198 continentiae53
513 2143 629 2189 unde
658 2143 766 2189 dicit
799 2144 913 2188 idem
937 2144 1027 2206 ipse
1055 2145 1208 2191 doctor
1226 2151 1448 2207 gentium:

32 2210 35 2251 ’ἱ
79 2235 100 2256 ε(
120 2215 219 2260 Non
240 2215 355 2260 enim
382 2214 626 2277 accepimus
659 2213 860 2275 spiritum
895 2213 1055 2259 timoris
1073 2251 1084 2269 ,
1116 2216 1189 2260 sed
1222 2218 1388 2266 virtutis
1412 2234 1453 2269 et

34 2332 35 2344 ἵ
79 2305 101 2326 »
121 2285 346 2331 charitatis
380 2296 422 2331 et
455 2284 760 2331 continentiae6
783 2301 793 2328 ε
816 2304 836 2326 »
857 2284 1053 2346 profecto
1083 2287 1298 2350 accipitur
1324 2293 1453 2339 etiam

34 2378 36 2409 5
79 2356 254 2418 spiritus
280 2355 382 2401 fidei
400 2392 411 2411 ‚
440 2355 493 2400 de
517 2371 605 2418 quo
637 2353 771 2399 dicit:
792 2375 812 2395 «
830 2354 1050 2400 Habentes
1079 2367 1220 2403 autem
1252 2362 1453 2409 eumdem

34 2415 37 2491 l
81 2445 102 2468 >)
126 2426 328 2490 spiritum
361 2425 505 2472 fidei7.
530 2446 551 2466 »
575 2425 737 2472 Verum
768 2441 867 2484 ergo
900 2424 1008 2470 dicit
1028 2425 1093 2471 lex
1115 2444 1126 2471 :
1150 2448 1170 2469 «
1193 2430 1281 2486 Qui
1304 2432 1452 2480 fecerit

129 2534 139 2557 ¹
155 2535 259 2568 Galat.
280 2546 311 2572 v,
329 2536 362 2574 6,
381 2540 412 2566 et
427 2545 444 2565 2
464 2535 611 2570 Cor.111‚
627 2534 661 2566 6.
681 2550 724 2556 —-
742 2531 758 2554 2
775 2532 878 2565 Galat.
896 2543 945 2570 m,
965 2538 1066 2570 24.—
1081 2530 1094 2555 3
1111 2534 1159 2568 Id.
1184 2547 1220 2574 11,
1236 2548 1291 2571 21.
1308 2555 1353 2563 —
1367 2539 1381 2565 4
1398 2544 1448 2577 Id,

81 2601 134 2630 ιιι,
156 2593 214 2630 18;
231 2594 323 2624 Rom.
336 2602 381 2630 ιν,
403 2596 444 2628 14
459 2613 468 2630 ,
484 2595 516 2622 et
532 2589 639 2627 Galat.
655 2600 709 2630 111,
730 2601 784 2633 11,
807 2599 860 2624 12.
880 2607 924 2614 —-
944 2586 958 2612 5
972 2591 1068 2625 Rom.
1093 2601 1152 2631 xri,
1181 2593 1212 2625 3.
1228 2610 1271 2617 —
1289 2592 1305 2616 6
1323 2607 1342 2627 2
1363 2597 1448 2633 Tim,

38 2635 39 2654 ³
86 2655 115 2687 1,
134 2655 165 2685 7.
177 2661 224 2671 -
239 2641 255 2666 ⁷
272 2654 292 2676 2
305 2644 382 2679 Cor.
396 2655 447 2686 ιν,
464 2645 519 2688 {3-

242 2714 376 2750 cxzn.
1299 2704 1333 2760 4
