<?xml version="1.0" encoding="UTF-8"?>
<!DOCTYPE html PUBLIC "-//W3C//DTD XHTML 1.0 Transitional//EN"
    "http://www.w3.org/TR/xhtml1/DTD/xhtml1-transitional.dtd">
<html xmlns="http://www.w3.org/1999/xhtml" xml:lang="en" lang="en">
 <head>
  <title>
</title>
<meta http-equiv="Content-Type" content="text/html;charset=utf-8" />
  <meta name='ocr-system' content='tesseract 3.04.00' />
  <meta name='ocr-capabilities' content='ocr_page ocr_carea ocr_par ocr_line ocrx_word'/>
</head>
<body>
  <div class='ocr_page' id='page_1' title='image "./operaomniaaccura35auguuoft/operaomniaaccura35auguuoft_0107.png"; bbox 0 0 1843 3190; ppageno 0'>
   <div class='ocr_carea' id='block_1_1' title="bbox 36 1688 62 2440">
    <p class='ocr_par' dir='ltr' id='par_1_1' title="bbox 36 1688 62 2440">
     <span class='ocr_line' id='line_1_1' title="bbox 36 1688 62 2440; baseline 0 0"><span class='ocrx_word' id='word_1_1' title='bbox 36 1688 62 2440; x_wconf 95' lang='lat' dir='ltr'> </span> 
     </span>
    </p>
   </div>
   <div class='ocr_carea' id='block_1_2' title="bbox 36 1688 78 2928">
    <p class='ocr_par' dir='ltr' id='par_1_2' title="bbox 36 1688 78 2928">
     <span class='ocr_line' id='line_1_2' title="bbox 36 1688 78 2928; baseline 0 0"><span class='ocrx_word' id='word_1_2' title='bbox 36 1688 78 2928; x_wconf 95' lang='lat' dir='ltr'> </span> 
     </span>
    </p>
   </div>
   <div class='ocr_carea' id='block_1_3' title="bbox 282 340 1462 396">
    <p class='ocr_par' dir='ltr' id='par_1_3' title="bbox 282 340 1462 396">
     <span class='ocr_line' id='line_1_3' title="bbox 282 340 1462 396; baseline 0.005 -25"><span class='ocrx_word' id='word_1_3' title='bbox 282 340 456 372; x_wconf 81' lang='lat' dir='ltr'>CONTRA</span> <span class='ocrx_word' id='word_1_4' title='bbox 491 340 717 383; x_wconf 78' lang='lat' dir='ltr'><strong>JULIANUM</strong></span> <span class='ocrx_word' id='word_1_5' title='bbox 751 341 1057 385; x_wconf 77' lang='lat' dir='ltr'>PELAGIANUM,</span> <span class='ocrx_word' id='word_1_6' title='bbox 1102 345 1190 376; x_wconf 86' lang='lat' dir='ltr'><strong>LIB.</strong></span> <span class='ocrx_word' id='word_1_7' title='bbox 1234 347 1264 377; x_wconf 88' lang='grc' dir='ltr'>Ι.</span> <span class='ocrx_word' id='word_1_8' title='bbox 1403 349 1462 396; x_wconf 76' lang='lat'>97</span> 
     </span>
    </p>
   </div>
   <div class='ocr_carea' id='block_1_4' title="bbox 97 405 1484 2785">
    <p class='ocr_par' dir='ltr' id='par_1_4' title="bbox 98 405 1468 594">
     <span class='ocr_line' id='line_1_4' title="bbox 100 405 1465 472; baseline 0.004 -20"><span class='ocrx_word' id='word_1_9' title='bbox 100 405 186 453; x_wconf 91' lang='lat' dir='ltr'>Sed</span> <span class='ocrx_word' id='word_1_10' title='bbox 209 406 317 469; x_wconf 88' lang='lat' dir='ltr'>quid</span> <span class='ocrx_word' id='word_1_11' title='bbox 340 406 475 462; x_wconf 86' lang='lat' dir='ltr'>dicas,</span> <span class='ocrx_word' id='word_1_12' title='bbox 500 417 573 451; x_wconf 90' lang='lat' dir='ltr'>aut</span> <span class='ocrx_word' id='word_1_13' title='bbox 613 406 722 470; x_wconf 85' lang='lat' dir='ltr'>quid</span> <span class='ocrx_word' id='word_1_14' title='bbox 745 407 1029 471; x_wconf 85' lang='lat' dir='ltr'>respondeas;</span> <span class='ocrx_word' id='word_1_15' title='bbox 1052 409 1128 472; x_wconf 89' lang='lat' dir='ltr'>qui</span> <span class='ocrx_word' id='word_1_16' title='bbox 1151 410 1279 455; x_wconf 90' lang='lat' dir='ltr'>etiam</span> <span class='ocrx_word' id='word_1_17' title='bbox 1298 412 1332 457; x_wconf 90' lang='lat' dir='ltr'>si</span> <span class='ocrx_word' id='word_1_18' title='bbox 1357 411 1465 458; x_wconf 85' lang='lat' dir='ltr'>bea-</span> 
     </span>
     <span class='ocr_line' id='line_1_5' title="bbox 98 476 1468 533; baseline 0.004 -10"><span class='ocrx_word' id='word_1_19' title='bbox 98 487 192 523; x_wconf 87' lang='lat' dir='ltr'>tum</span> <span class='ocrx_word' id='word_1_20' title='bbox 212 476 369 522; x_wconf 82' lang='lat' dir='ltr'>audeas</span> <span class='ocrx_word' id='word_1_21' title='bbox 395 476 697 522; x_wconf 87' lang='lat' dir='ltr'>Innocentium</span> <span class='ocrx_word' id='word_1_22' title='bbox 713 514 724 533; x_wconf 89' lang='lat'>,</span> <span class='ocrx_word' id='word_1_23' title='bbox 751 495 840 523; x_wconf 90' lang='lat' dir='ltr'>non</span> <span class='ocrx_word' id='word_1_24' title='bbox 864 477 1046 524; x_wconf 78' lang='lat' dir='ltr'>audebis</span> <span class='ocrx_word' id='word_1_25' title='bbox 1071 489 1213 525; x_wconf 85' lang='lat' dir='ltr'>tamen</span> <span class='ocrx_word' id='word_1_26' title='bbox 1240 480 1468 529; x_wconf 75' lang='lat' dir='ltr'>Christum</span> 
     </span>
     <span class='ocr_line' id='line_1_6' title="bbox 100 546 594 594; baseline -0.008 0"><span class='ocrx_word' id='word_1_27' title='bbox 100 548 242 594; x_wconf 86' lang='lat' dir='ltr'>dicere</span> <span class='ocrx_word' id='word_1_28' title='bbox 269 546 594 592; x_wconf 70' lang='lat' dir='ltr'>Manichaeum?</span> 
     </span>
    </p>

    <p class='ocr_par' dir='ltr' id='par_1_5' title="bbox 97 617 1484 2432">
     <span class='ocr_line' id='line_1_7' title="bbox 163 617 1466 681; baseline 0.005 -19"><span class='ocrx_word' id='word_1_29' title='bbox 163 617 281 663; x_wconf 74' lang='lat' dir='ltr'>xlv.</span> <span class='ocrx_word' id='word_1_30' title='bbox 302 619 403 662; x_wconf 88' lang='lat' dir='ltr'>Non</span> <span class='ocrx_word' id='word_1_31' title='bbox 425 626 485 661; x_wconf 88' lang='lat' dir='ltr'>est</span> <span class='ocrx_word' id='word_1_32' title='bbox 502 632 602 675; x_wconf 86' lang='lat' dir='ltr'>ergo</span> <span class='ocrx_word' id='word_1_33' title='bbox 623 634 701 662; x_wconf 89' lang='lat' dir='ltr'>cur</span> <span class='ocrx_word' id='word_1_34' title='bbox 717 635 925 681; x_wconf 80' lang='lat' dir='ltr'>provoces</span> <span class='ocrx_word' id='word_1_35' title='bbox 939 619 992 664; x_wconf 89' lang='lat' dir='ltr'>ad</span> <span class='ocrx_word' id='word_1_36' title='bbox 1013 619 1204 666; x_wconf 82' lang='lat' dir='ltr'>Orientis</span> <span class='ocrx_word' id='word_1_37' title='bbox 1227 621 1437 669; x_wconf 82' lang='lat' dir='ltr'>antistites</span> <span class='ocrx_word' id='word_1_38' title='bbox 1454 643 1466 677; x_wconf 83' lang='lat'>3</span> 
     </span>
     <span class='ocr_line' id='line_1_8' title="bbox 99 686 1470 754; baseline 0.005 -22"><span class='ocrx_word' id='word_1_39' title='bbox 99 687 202 751; x_wconf 90' lang='lat' dir='ltr'>quia</span> <span class='ocrx_word' id='word_1_40' title='bbox 238 697 281 732; x_wconf 88' lang='lat' dir='ltr'>et</span> <span class='ocrx_word' id='word_1_41' title='bbox 316 686 400 749; x_wconf 88' lang='lat' dir='ltr'>ipsi</span> <span class='ocrx_word' id='word_1_42' title='bbox 423 686 574 749; x_wconf 88' lang='lat' dir='ltr'>utique</span> <span class='ocrx_word' id='word_1_43' title='bbox 597 687 825 733; x_wconf 86' lang='lat' dir='ltr'>christiani</span> <span class='ocrx_word' id='word_1_44' title='bbox 848 699 947 734; x_wconf 91' lang='lat' dir='ltr'>sunt</span> <span class='ocrx_word' id='word_1_45' title='bbox 968 726 978 744; x_wconf 95' lang='lat'>,</span> <span class='ocrx_word' id='word_1_46' title='bbox 1006 699 1047 734; x_wconf 91' lang='lat' dir='ltr'>et</span> <span class='ocrx_word' id='word_1_47' title='bbox 1073 690 1296 753; x_wconf 88' lang='lat' dir='ltr'>utriusque</span> <span class='ocrx_word' id='word_1_48' title='bbox 1333 695 1470 754; x_wconf 86' lang='lat' dir='ltr'>partis</span> 
     </span>
     <span class='ocr_line' id='line_1_9' title="bbox 97 755 1472 820; baseline 0.002 -17"><span class='ocrx_word' id='word_1_49' title='bbox 97 768 309 803; x_wconf 87' lang='lat' dir='ltr'>terrarum</span> <span class='ocrx_word' id='word_1_50' title='bbox 343 755 449 801; x_wconf 88' lang='lat' dir='ltr'>fides</span> <span class='ocrx_word' id='word_1_51' title='bbox 470 756 549 801; x_wconf 86' lang='lat' dir='ltr'>ista</span> <span class='ocrx_word' id='word_1_52' title='bbox 576 772 663 801; x_wconf 84' lang='lat' dir='ltr'>una</span> <span class='ocrx_word' id='word_1_53' title='bbox 681 768 762 813; x_wconf 82' lang='lat' dir='ltr'>est3</span> <span class='ocrx_word' id='word_1_54' title='bbox 788 759 890 820; x_wconf 87' lang='lat' dir='ltr'>quia</span> <span class='ocrx_word' id='word_1_55' title='bbox 914 769 954 803; x_wconf 91' lang='lat' dir='ltr'>et</span> <span class='ocrx_word' id='word_1_56' title='bbox 987 759 1092 804; x_wconf 88' lang='lat' dir='ltr'>fides</span> <span class='ocrx_word' id='word_1_57' title='bbox 1128 760 1209 805; x_wconf 85' lang='lat' dir='ltr'>ista</span> <span class='ocrx_word' id='word_1_58' title='bbox 1234 760 1472 806; x_wconf 86' lang='lat' dir='ltr'>christiana</span> 
     </span>
     <span class='ocr_line' id='line_1_10' title="bbox 99 825 1473 888; baseline 0.002 -14"><span class='ocrx_word' id='word_1_59' title='bbox 99 838 161 874; x_wconf 88' lang='lat' dir='ltr'>est</span> <span class='ocrx_word' id='word_1_60' title='bbox 188 837 260 872; x_wconf 89' lang='lat' dir='ltr'>:et</span> <span class='ocrx_word' id='word_1_61' title='bbox 278 837 318 872; x_wconf 89' lang='lat' dir='ltr'>te</span> <span class='ocrx_word' id='word_1_62' title='bbox 346 837 459 871; x_wconf 90' lang='lat' dir='ltr'>certe</span> <span class='ocrx_word' id='word_1_63' title='bbox 494 825 776 872; x_wconf 87' lang='lat' dir='ltr'>occidentalis</span> <span class='ocrx_word' id='word_1_64' title='bbox 806 839 914 873; x_wconf 89' lang='lat' dir='ltr'>terra</span> <span class='ocrx_word' id='word_1_65' title='bbox 935 829 1167 888; x_wconf 80' lang='lat' dir='ltr'>generavit,</span> <span class='ocrx_word' id='word_1_66' title='bbox 1193 830 1473 877; x_wconf 88' lang='lat' dir='ltr'>occidentalis</span> 
     </span>
     <span class='ocr_line' id='line_1_11' title="bbox 98 896 1475 963; baseline 0.002 -19"><span class='ocrx_word' id='word_1_67' title='bbox 98 897 363 958; x_wconf 83' lang='lat' dir='ltr'>regeneravit</span> <span class='ocrx_word' id='word_1_68' title='bbox 389 896 593 942; x_wconf 89' lang='lat' dir='ltr'>Ecclesia.</span> <span class='ocrx_word' id='word_1_69' title='bbox 637 897 757 953; x_wconf 86' lang='lat' dir='ltr'>Quid</span> <span class='ocrx_word' id='word_1_70' title='bbox 791 898 829 942; x_wconf 88' lang='lat' dir='ltr'>ei</span> <span class='ocrx_word' id='word_1_71' title='bbox 852 899 1014 961; x_wconf 83' lang='lat' dir='ltr'>quaeris</span> <span class='ocrx_word' id='word_1_72' title='bbox 1030 898 1206 956; x_wconf 87' lang='lat' dir='ltr'>inferre,</span> <span class='ocrx_word' id='word_1_73' title='bbox 1227 901 1347 963; x_wconf 90' lang='lat' dir='ltr'>quod</span> <span class='ocrx_word' id='word_1_74' title='bbox 1363 902 1408 947; x_wconf 92' lang='lat' dir='ltr'>in</span> <span class='ocrx_word' id='word_1_75' title='bbox 1425 919 1475 947; x_wconf 90' lang='lat' dir='ltr'>ea</span> 
     </span>
     <span class='ocr_line' id='line_1_12' title="bbox 99 966 1476 1032; baseline 0.004 -20"><span class='ocrx_word' id='word_1_76' title='bbox 99 985 188 1012; x_wconf 89' lang='lat' dir='ltr'>non</span> <span class='ocrx_word' id='word_1_77' title='bbox 200 967 424 1022; x_wconf 82' lang='lat' dir='ltr'>invenisti,</span> <span class='ocrx_word' id='word_1_78' title='bbox 443 966 619 1029; x_wconf 89' lang='lat' dir='ltr'>quando</span> <span class='ocrx_word' id='word_1_79' title='bbox 644 966 689 1011; x_wconf 90' lang='lat' dir='ltr'>in</span> <span class='ocrx_word' id='word_1_80' title='bbox 710 970 800 1026; x_wconf 81' lang='lat' dir='ltr'>ejus</span> <span class='ocrx_word' id='word_1_81' title='bbox 819 969 1016 1014; x_wconf 87' lang='lat' dir='ltr'>membra</span> <span class='ocrx_word' id='word_1_82' title='bbox 1041 969 1225 1014; x_wconf 65' lang='lat' dir='ltr'>venisti?</span> <span class='ocrx_word' id='word_1_83' title='bbox 1254 971 1342 1015; x_wconf 93' lang='lat' dir='ltr'>imo</span> <span class='ocrx_word' id='word_1_84' title='bbox 1364 972 1476 1032; x_wconf 92' lang='lat' dir='ltr'>quid</span> 
     </span>
     <span class='ocr_line' id='line_1_13' title="bbox 99 1035 1475 1100; baseline 0.002 -18"><span class='ocrx_word' id='word_1_85' title='bbox 99 1037 137 1082; x_wconf 88' lang='lat' dir='ltr'>ei</span> <span class='ocrx_word' id='word_1_86' title='bbox 153 1037 313 1099; x_wconf 87' lang='lat' dir='ltr'>quaeris</span> <span class='ocrx_word' id='word_1_87' title='bbox 343 1035 532 1090; x_wconf 87' lang='lat' dir='ltr'>auferre,</span> <span class='ocrx_word' id='word_1_88' title='bbox 551 1035 673 1098; x_wconf 88' lang='lat' dir='ltr'>quod</span> <span class='ocrx_word' id='word_1_89' title='bbox 697 1036 744 1080; x_wconf 92' lang='lat' dir='ltr'>in</span> <span class='ocrx_word' id='word_1_90' title='bbox 765 1053 812 1081; x_wconf 88' lang='lat' dir='ltr'>ea</span> <span class='ocrx_word' id='word_1_91' title='bbox 837 1047 885 1081; x_wconf 93' lang='lat' dir='ltr'>tu</span> <span class='ocrx_word' id='word_1_92' title='bbox 908 1054 1084 1100; x_wconf 83' lang='lat' dir='ltr'>quoque</span> <span class='ocrx_word' id='word_1_93' title='bbox 1109 1039 1344 1100; x_wconf 67' lang='lat' dir='ltr'>accepisti?</span> <span class='ocrx_word' id='word_1_94' title='bbox 1363 1040 1475 1085; x_wconf 91' lang='lat' dir='ltr'>Nam</span> 
     </span>
     <span class='ocr_line' id='line_1_14' title="bbox 99 1104 1479 1171; baseline 0.001 -19"><span class='ocrx_word' id='word_1_95' title='bbox 99 1117 332 1170; x_wconf 89' lang='lat' dir='ltr'>peccatum</span> <span class='ocrx_word' id='word_1_96' title='bbox 353 1104 574 1165; x_wconf 84' lang='lat' dir='ltr'>originale,</span> <span class='ocrx_word' id='word_1_97' title='bbox 594 1104 712 1167; x_wconf 89' lang='lat' dir='ltr'>quod</span> <span class='ocrx_word' id='word_1_98' title='bbox 734 1105 779 1149; x_wconf 92' lang='lat' dir='ltr'>in</span> <span class='ocrx_word' id='word_1_99' title='bbox 796 1104 980 1151; x_wconf 87' lang='lat' dir='ltr'>aliorum</span> <span class='ocrx_word' id='word_1_100' title='bbox 998 1107 1234 1168; x_wconf 88' lang='lat' dir='ltr'>perniciem</span> <span class='ocrx_word' id='word_1_101' title='bbox 1265 1110 1479 1171; x_wconf 89' lang='lat' dir='ltr'>parvulo-</span> 
     </span>
     <span class='ocr_line' id='line_1_15' title="bbox 98 1175 1475 1241; baseline 0.001 -19"><span class='ocrx_word' id='word_1_102' title='bbox 98 1194 197 1223; x_wconf 85' lang='lat' dir='ltr'>rum</span> <span class='ocrx_word' id='word_1_103' title='bbox 219 1193 363 1235; x_wconf 81' lang='lat' dir='ltr'>negas,</span> <span class='ocrx_word' id='word_1_104' title='bbox 390 1191 664 1238; x_wconf 89' lang='lat' dir='ltr'>quacumque</span> <span class='ocrx_word' id='word_1_105' title='bbox 688 1185 813 1220; x_wconf 84' lang='lat' dir='ltr'>aetate</span> <span class='ocrx_word' id='word_1_106' title='bbox 843 1175 900 1220; x_wconf 89' lang='lat' dir='ltr'>sis</span> <span class='ocrx_word' id='word_1_107' title='bbox 935 1176 1202 1238; x_wconf 87' lang='lat' dir='ltr'>baptizatus,</span> <span class='ocrx_word' id='word_1_108' title='bbox 1234 1190 1307 1223; x_wconf 88' lang='lat' dir='ltr'>aut</span> <span class='ocrx_word' id='word_1_109' title='bbox 1331 1180 1475 1241; x_wconf 86' lang='lat' dir='ltr'>ipsum</span> 
     </span>
     <span class='ocr_line' id='line_1_16' title="bbox 100 1245 1480 1311; baseline 0.002 -20"><span class='ocrx_word' id='word_1_110' title='bbox 100 1246 183 1291; x_wconf 87' lang='lat' dir='ltr'>tibi</span> <span class='ocrx_word' id='word_1_111' title='bbox 208 1246 430 1291; x_wconf 88' lang='lat' dir='ltr'>remissum</span> <span class='ocrx_word' id='word_1_112' title='bbox 450 1256 529 1300; x_wconf 75' lang='lat' dir='ltr'>est,</span> <span class='ocrx_word' id='word_1_113' title='bbox 552 1254 628 1289; x_wconf 91' lang='lat' dir='ltr'>aut</span> <span class='ocrx_word' id='word_1_114' title='bbox 650 1255 691 1289; x_wconf 89' lang='lat' dir='ltr'>et</span> <span class='ocrx_word' id='word_1_115' title='bbox 709 1245 867 1307; x_wconf 85' lang='lat' dir='ltr'>ipsum.</span> <span class='ocrx_word' id='word_1_116' title='bbox 902 1245 987 1290; x_wconf 88' lang='lat' dir='ltr'>Sed</span> <span class='ocrx_word' id='word_1_117' title='bbox 1011 1245 1045 1291; x_wconf 86' lang='lat' dir='ltr'>si</span> <span class='ocrx_word' id='word_1_118' title='bbox 1067 1263 1217 1292; x_wconf 84' lang='lat' dir='ltr'>verum</span> <span class='ocrx_word' id='word_1_119' title='bbox 1253 1259 1330 1304; x_wconf 87' lang='lat' dir='ltr'>est,</span> <span class='ocrx_word' id='word_1_120' title='bbox 1359 1249 1480 1311; x_wconf 85' lang='lat' dir='ltr'>quod</span> 
     </span>
     <span class='ocr_line' id='line_1_17' title="bbox 101 1314 1480 1381; baseline 0.002 -20"><span class='ocrx_word' id='word_1_121' title='bbox 101 1315 364 1372; x_wconf 87' lang='lat' dir='ltr'>audivimus,</span> <span class='ocrx_word' id='word_1_122' title='bbox 391 1326 431 1361; x_wconf 93' lang='lat' dir='ltr'>te</span> <span class='ocrx_word' id='word_1_123' title='bbox 459 1314 725 1361; x_wconf 90' lang='lat' dir='ltr'>infantulum</span> <span class='ocrx_word' id='word_1_124' title='bbox 746 1315 1038 1378; x_wconf 82' lang='lat' dir='ltr'>baptizatum,</span> <span class='ocrx_word' id='word_1_125' title='bbox 1068 1317 1199 1362; x_wconf 85' lang='lat' dir='ltr'>etiam</span> <span class='ocrx_word' id='word_1_126' title='bbox 1216 1327 1262 1363; x_wconf 90' lang='lat' dir='ltr'>tu</span> <span class='ocrx_word' id='word_1_127' title='bbox 1281 1319 1480 1381; x_wconf 79' lang='lat' dir='ltr'>quamvis</span> 
     </span>
     <span class='ocr_line' id='line_1_18' title="bbox 102 1384 1480 1451; baseline 0.001 -19"><span class='ocrx_word' id='word_1_128' title='bbox 102 1403 126 1431; x_wconf 91' lang='lat' dir='ltr'>a</span> <span class='ocrx_word' id='word_1_129' title='bbox 143 1386 228 1432; x_wconf 86' lang='lat' dir='ltr'>tuis</span> <span class='ocrx_word' id='word_1_130' title='bbox 244 1386 434 1449; x_wconf 88' lang='lat' dir='ltr'>propriis</span> <span class='ocrx_word' id='word_1_131' title='bbox 453 1385 643 1449; x_wconf 87' lang='lat' dir='ltr'>peccatis</span> <span class='ocrx_word' id='word_1_132' title='bbox 665 1384 889 1442; x_wconf 85' lang='lat' dir='ltr'>innocens,</span> <span class='ocrx_word' id='word_1_133' title='bbox 940 1396 1083 1432; x_wconf 87' lang='lat' dir='ltr'>tamen</span> <span class='ocrx_word' id='word_1_134' title='bbox 1116 1388 1218 1451; x_wconf 88' lang='lat' dir='ltr'>quia</span> <span class='ocrx_word' id='word_1_135' title='bbox 1255 1405 1301 1433; x_wconf 76' lang='lat' dir='ltr'>ex</span> <span class='ocrx_word' id='word_1_136' title='bbox 1340 1388 1480 1434; x_wconf 89' lang='lat' dir='ltr'>Adam</span> 
     </span>
     <span class='ocr_line' id='line_1_19' title="bbox 102 1454 1482 1519; baseline 0.001 -17"><span class='ocrx_word' id='word_1_137' title='bbox 102 1456 329 1502; x_wconf 83' lang='lat' dir='ltr'>carnaliter</span> <span class='ocrx_word' id='word_1_138' title='bbox 351 1466 495 1512; x_wconf 87' lang='lat' dir='ltr'>natus,</span> <span class='ocrx_word' id='word_1_139' title='bbox 517 1454 768 1514; x_wconf 82' lang='lat' dir='ltr'>contagium</span> <span class='ocrx_word' id='word_1_140' title='bbox 781 1456 930 1500; x_wconf 91' lang='lat' dir='ltr'>mortis</span> <span class='ocrx_word' id='word_1_141' title='bbox 954 1457 1145 1519; x_wconf 84' lang='lat' dir='ltr'>antiquae</span> <span class='ocrx_word' id='word_1_142' title='bbox 1164 1457 1306 1519; x_wconf 87' lang='lat' dir='ltr'>prima</span> <span class='ocrx_word' id='word_1_143' title='bbox 1326 1459 1482 1505; x_wconf 90' lang='lat' dir='ltr'>nativi-</span> 
     </span>
     <span class='ocr_line' id='line_1_20' title="bbox 103 1525 1483 1588; baseline 0.001 -16"><span class='ocrx_word' id='word_1_144' title='bbox 103 1537 188 1572; x_wconf 86' lang='lat' dir='ltr'>tate</span> <span class='ocrx_word' id='word_1_145' title='bbox 207 1525 372 1572; x_wconf 81' lang='lat' dir='ltr'>traxisti</span> <span class='ocrx_word' id='word_1_146' title='bbox 397 1543 408 1571; x_wconf 85' lang='lat'>:</span> <span class='ocrx_word' id='word_1_147' title='bbox 429 1536 470 1571; x_wconf 90' lang='lat' dir='ltr'>et</span> <span class='ocrx_word' id='word_1_148' title='bbox 487 1526 533 1571; x_wconf 91' lang='lat' dir='ltr'>in</span> <span class='ocrx_word' id='word_1_149' title='bbox 556 1525 785 1588; x_wconf 85' lang='lat' dir='ltr'>iniquitate</span> <span class='ocrx_word' id='word_1_150' title='bbox 806 1537 1045 1588; x_wconf 86' lang='lat' dir='ltr'>conceptus</span> <span class='ocrx_word' id='word_1_151' title='bbox 1062 1543 1121 1582; x_wconf 85' lang='lat' dir='ltr'>es,</span> <span class='ocrx_word' id='word_1_152' title='bbox 1136 1527 1332 1588; x_wconf 88' lang='lat' dir='ltr'>profecto</span> <span class='ocrx_word' id='word_1_153' title='bbox 1356 1545 1483 1574; x_wconf 85' lang='lat' dir='ltr'>exor-</span> 
     </span>
     <span class='ocr_line' id='line_1_21' title="bbox 103 1596 1482 1658; baseline 0.002 -16"><span class='ocrx_word' id='word_1_154' title='bbox 103 1598 264 1643; x_wconf 87' lang='lat' dir='ltr'>cizatus</span> <span class='ocrx_word' id='word_1_155' title='bbox 283 1608 326 1642; x_wconf 89' lang='lat' dir='ltr'>et</span> <span class='ocrx_word' id='word_1_156' title='bbox 350 1596 590 1642; x_wconf 85' lang='lat' dir='ltr'>exsufflatus</span> <span class='ocrx_word' id='word_1_157' title='bbox 609 1613 668 1652; x_wconf 90' lang='lat' dir='ltr'>es,</span> <span class='ocrx_word' id='word_1_158' title='bbox 692 1606 777 1641; x_wconf 89' lang='lat' dir='ltr'>uta</span> <span class='ocrx_word' id='word_1_159' title='bbox 798 1607 1010 1658; x_wconf 83' lang='lat' dir='ltr'>potestate</span> <span class='ocrx_word' id='word_1_160' title='bbox 1030 1607 1178 1642; x_wconf 90' lang='lat' dir='ltr'>erutus</span> <span class='ocrx_word' id='word_1_161' title='bbox 1202 1598 1482 1645; x_wconf 89' lang='lat' dir='ltr'>tenebrarum</span> 
     </span>
     <span class='ocr_line' id='line_1_22' title="bbox 103 1665 1480 1727; baseline 0 -13"><span class='ocrx_word' id='word_1_162' title='bbox 103 1666 387 1714; x_wconf 85' lang='lat' dir='ltr'>transferreris</span> <span class='ocrx_word' id='word_1_163' title='bbox 406 1667 454 1712; x_wconf 90' lang='lat' dir='ltr'>in</span> <span class='ocrx_word' id='word_1_164' title='bbox 493 1683 674 1727; x_wconf 83' lang='lat' dir='ltr'>regnum</span> <span class='ocrx_word' id='word_1_165' title='bbox 712 1666 879 1711; x_wconf 89' lang='lat' dir='ltr'>Christi</span> <span class='ocrx_word' id='word_1_166' title='bbox 898 1665 933 1713; x_wconf 68' lang='lat'>1.</span> <span class='ocrx_word' id='word_1_167' title='bbox 965 1667 1004 1712; x_wconf 91' lang='lat' dir='ltr'>O</span> <span class='ocrx_word' id='word_1_168' title='bbox 1031 1666 1093 1711; x_wconf 90' lang='lat' dir='ltr'>fili</span> <span class='ocrx_word' id='word_1_169' title='bbox 1128 1666 1240 1713; x_wconf 88' lang='lat' dir='ltr'>male</span> <span class='ocrx_word' id='word_1_170' title='bbox 1273 1685 1320 1713; x_wconf 86' lang='lat' dir='ltr'>ex</span> <span class='ocrx_word' id='word_1_171' title='bbox 1339 1669 1480 1714; x_wconf 91' lang='lat' dir='ltr'>Adam</span> 
     </span>
     <span class='ocr_line' id='line_1_23' title="bbox 102 1736 1478 1801; baseline 0.001 -17"><span class='ocrx_word' id='word_1_172' title='bbox 102 1749 217 1794; x_wconf 84' lang='lat' dir='ltr'>nate,</span> <span class='ocrx_word' id='word_1_173' title='bbox 245 1737 318 1783; x_wconf 90' lang='lat' dir='ltr'>sed</span> <span class='ocrx_word' id='word_1_174' title='bbox 348 1737 458 1783; x_wconf 86' lang='lat' dir='ltr'>bene</span> <span class='ocrx_word' id='word_1_175' title='bbox 481 1736 527 1782; x_wconf 92' lang='lat' dir='ltr'>in</span> <span class='ocrx_word' id='word_1_176' title='bbox 566 1736 742 1782; x_wconf 78' lang='lat' dir='ltr'>Christo</span> <span class='ocrx_word' id='word_1_177' title='bbox 785 1746 949 1792; x_wconf 88' lang='lat' dir='ltr'>renate,</span> <span class='ocrx_word' id='word_1_178' title='bbox 970 1738 1416 1801; x_wconf 85' lang='lat' dir='ltr'>sacramentaquibus</span> <span class='ocrx_word' id='word_1_179' title='bbox 1439 1751 1478 1785; x_wconf 86' lang='lat' dir='ltr'>te</span> 
     </span>
     <span class='ocr_line' id='line_1_24' title="bbox 102 1804 1484 1872; baseline 0.001 -18"><span class='ocrx_word' id='word_1_180' title='bbox 102 1809 290 1872; x_wconf 89' lang='lat' dir='ltr'>peperit,</span> <span class='ocrx_word' id='word_1_181' title='bbox 313 1818 401 1853; x_wconf 85' lang='lat' dir='ltr'>tuae</span> <span class='ocrx_word' id='word_1_182' title='bbox 425 1806 555 1852; x_wconf 90' lang='lat' dir='ltr'>matri</span> <span class='ocrx_word' id='word_1_183' title='bbox 571 1806 744 1851; x_wconf 86' lang='lat' dir='ltr'>conaris</span> <span class='ocrx_word' id='word_1_184' title='bbox 770 1804 949 1852; x_wconf 87' lang='lat' dir='ltr'>auferre.</span> <span class='ocrx_word' id='word_1_185' title='bbox 983 1806 1209 1869; x_wconf 88' lang='lat' dir='ltr'>Numquid</span> <span class='ocrx_word' id='word_1_186' title='bbox 1232 1809 1484 1855; x_wconf 81' lang='lat' dir='ltr'>Manichaea</span> 
     </span>
     <span class='ocr_line' id='line_1_25' title="bbox 103 1876 1482 1942; baseline 0.001 -17"><span class='ocrx_word' id='word_1_187' title='bbox 103 1878 202 1935; x_wconf 86' lang='lat' dir='ltr'>fuit,</span> <span class='ocrx_word' id='word_1_188' title='bbox 223 1878 400 1942; x_wconf 89' lang='lat' dir='ltr'>quando</span> <span class='ocrx_word' id='word_1_189' title='bbox 426 1878 506 1923; x_wconf 86' lang='lat' dir='ltr'>isto</span> <span class='ocrx_word' id='word_1_190' title='bbox 520 1876 649 1922; x_wconf 89' lang='lat' dir='ltr'>modo</span> <span class='ocrx_word' id='word_1_191' title='bbox 669 1887 710 1921; x_wconf 89' lang='lat' dir='ltr'>te</span> <span class='ocrx_word' id='word_1_192' title='bbox 729 1877 918 1939; x_wconf 88' lang='lat' dir='ltr'>peperit,</span> <span class='ocrx_word' id='word_1_193' title='bbox 935 1893 1022 1939; x_wconf 92' lang='lat' dir='ltr'>quo</span> <span class='ocrx_word' id='word_1_194' title='bbox 1044 1876 1175 1922; x_wconf 89' lang='lat' dir='ltr'>modo</span> <span class='ocrx_word' id='word_1_195' title='bbox 1195 1880 1289 1936; x_wconf 87' lang='lat' dir='ltr'>jam</span> <span class='ocrx_word' id='word_1_196' title='bbox 1312 1896 1401 1925; x_wconf 91' lang='lat' dir='ltr'>non</span> <span class='ocrx_word' id='word_1_197' title='bbox 1418 1881 1482 1926; x_wconf 86' lang='lat' dir='ltr'>vis</span> 
     </span>
     <span class='ocr_line' id='line_1_26' title="bbox 104 1946 1481 2028; baseline 0.001 -34"><span class='ocrx_word' id='word_1_198' title='bbox 104 1960 153 1994; x_wconf 89' lang='lat' dir='ltr'>ut</span> <span class='ocrx_word' id='word_1_199' title='bbox 170 1949 328 2028; x_wconf 85' lang='lat' dir='ltr'>pariat,</span> <span class='ocrx_word' id='word_1_200' title='bbox 346 1959 387 1993; x_wconf 88' lang='lat' dir='ltr'>et</span> <span class='ocrx_word' id='word_1_201' title='bbox 400 1947 555 2008; x_wconf 85' lang='lat' dir='ltr'>ingeris</span> <span class='ocrx_word' id='word_1_202' title='bbox 575 1947 614 1992; x_wconf 91' lang='lat' dir='ltr'>ei</span> <span class='ocrx_word' id='word_1_203' title='bbox 636 1946 871 1993; x_wconf 85' lang='lat' dir='ltr'>nativitatis</span> <span class='ocrx_word' id='word_1_204' title='bbox 889 1947 1151 2025; x_wconf 79' lang='lat' dir='ltr'>opprobria,</span> <span class='ocrx_word' id='word_1_205' title='bbox 1166 1958 1214 1993; x_wconf 90' lang='lat' dir='ltr'>ut</span> <span class='ocrx_word' id='word_1_206' title='bbox 1235 1948 1281 1993; x_wconf 90' lang='lat' dir='ltr'>in</span> <span class='ocrx_word' id='word_1_207' title='bbox 1295 1965 1342 1994; x_wconf 85' lang='lat' dir='ltr'>ea</span> <span class='ocrx_word' id='word_1_208' title='bbox 1356 1961 1481 1995; x_wconf 86' lang='lat' dir='ltr'>caete—</span> 
     </span>
     <span class='ocr_line' id='line_1_27' title="bbox 104 2017 1482 2081; baseline 0.001 -17"><span class='ocrx_word' id='word_1_209' title='bbox 104 2020 205 2064; x_wconf 87' lang='lat' dir='ltr'>teris</span> <span class='ocrx_word' id='word_1_210' title='bbox 238 2018 431 2075; x_wconf 89' lang='lat' dir='ltr'>claudas,</span> <span class='ocrx_word' id='word_1_211' title='bbox 457 2035 504 2064; x_wconf 83' lang='lat' dir='ltr'>ex</span> <span class='ocrx_word' id='word_1_212' title='bbox 524 2018 724 2080; x_wconf 87' lang='lat' dir='ltr'>quibus</span> <span class='ocrx_word' id='word_1_213' title='bbox 712 2034 804 2080; x_wconf 84' lang='lat' dir='ltr'>ipse</span> <span class='ocrx_word' id='word_1_214' title='bbox 827 2027 953 2062; x_wconf 88' lang='lat' dir='ltr'>natus</span> <span class='ocrx_word' id='word_1_215' title='bbox 989 2034 1050 2073; x_wconf 86' lang='lat' dir='ltr'>es,</span> <span class='ocrx_word' id='word_1_216' title='bbox 1080 2017 1242 2063; x_wconf 86' lang='lat' dir='ltr'>viscera</span> <span class='ocrx_word' id='word_1_217' title='bbox 1272 2019 1482 2081; x_wconf 69' lang='lat' dir='ltr'>pietatis?</span> 
     </span>
     <span class='ocr_line' id='line_1_28' title="bbox 105 2088 1479 2152; baseline 0.001 -15"><span class='ocrx_word' id='word_1_218' title='bbox 105 2089 274 2137; x_wconf 89' lang='lat' dir='ltr'>Dividis</span> <span class='ocrx_word' id='word_1_219' title='bbox 295 2090 333 2135; x_wconf 91' lang='lat' dir='ltr'>ei</span> <span class='ocrx_word' id='word_1_220' title='bbox 359 2106 517 2136; x_wconf 89' lang='lat' dir='ltr'>nomen</span> <span class='ocrx_word' id='word_1_221' title='bbox 540 2089 624 2135; x_wconf 86' lang='lat' dir='ltr'>viri</span> <span class='ocrx_word' id='word_1_222' title='bbox 647 2088 730 2144; x_wconf 88' lang='lat' dir='ltr'>sui,</span> <span class='ocrx_word' id='word_1_223' title='bbox 767 2099 815 2134; x_wconf 91' lang='lat' dir='ltr'>ut</span> <span class='ocrx_word' id='word_1_224' title='bbox 847 2088 900 2133; x_wconf 91' lang='lat' dir='ltr'>ad</span> <span class='ocrx_word' id='word_1_225' title='bbox 932 2088 1244 2148; x_wconf 85' lang='lat' dir='ltr'>regenerandos</span> <span class='ocrx_word' id='word_1_226' title='bbox 1273 2092 1479 2152; x_wconf 87' lang='lat' dir='ltr'>parvulos</span> 
     </span>
     <span class='ocr_line' id='line_1_29' title="bbox 105 2158 1481 2218; baseline 0.002 -13"><span class='ocrx_word' id='word_1_227' title='bbox 105 2159 408 2205; x_wconf 89' lang='lat' dir='ltr'>tantummodo</span> <span class='ocrx_word' id='word_1_228' title='bbox 430 2159 630 2204; x_wconf 90' lang='lat' dir='ltr'>Christus</span> <span class='ocrx_word' id='word_1_229' title='bbox 653 2159 729 2213; x_wconf 87' lang='lat' dir='ltr'>sit,</span> <span class='ocrx_word' id='word_1_230' title='bbox 752 2158 808 2203; x_wconf 91' lang='lat' dir='ltr'>ad</span> <span class='ocrx_word' id='word_1_231' title='bbox 824 2162 1006 2218; x_wconf 86' lang='lat' dir='ltr'>majores</span> <span class='ocrx_word' id='word_1_232' title='bbox 1023 2170 1167 2204; x_wconf 91' lang='lat' dir='ltr'>autem</span> <span class='ocrx_word' id='word_1_233' title='bbox 1189 2159 1389 2206; x_wconf 89' lang='lat' dir='ltr'>Christus</span> <span class='ocrx_word' id='word_1_234' title='bbox 1407 2163 1481 2208; x_wconf 86' lang='lat' dir='ltr'>Je-</span> 
     </span>
     <span class='ocr_line' id='line_1_30' title="bbox 105 2228 1481 2294; baseline 0.002 -18"><span class='ocrx_word' id='word_1_235' title='bbox 105 2247 197 2284; x_wconf 80' lang='lat' dir='ltr'>sus3</span> <span class='ocrx_word' id='word_1_236' title='bbox 222 2231 325 2293; x_wconf 87' lang='lat' dir='ltr'>quia</span> <span class='ocrx_word' id='word_1_237' title='bbox 339 2229 503 2275; x_wconf 87' lang='lat' dir='ltr'>scilicet</span> <span class='ocrx_word' id='word_1_238' title='bbox 526 2232 644 2274; x_wconf 85' lang='lat' dir='ltr'>Jesus</span> <span class='ocrx_word' id='word_1_239' title='bbox 663 2228 862 2274; x_wconf 86' lang='lat' dir='ltr'>Salvator</span> <span class='ocrx_word' id='word_1_240' title='bbox 882 2229 1194 2291; x_wconf 83' lang='lat' dir='ltr'>interpretatur</span> <span class='ocrx_word' id='word_1_241' title='bbox 1213 2247 1224 2274; x_wconf 91' lang='lat'>:</span> <span class='ocrx_word' id='word_1_242' title='bbox 1244 2231 1365 2294; x_wconf 88' lang='lat' dir='ltr'>quod</span> <span class='ocrx_word' id='word_1_243' title='bbox 1382 2249 1481 2279; x_wconf 89' lang='lat' dir='ltr'>eum</span> 
     </span>
     <span class='ocr_line' id='line_1_31' title="bbox 103 2297 1478 2364; baseline 0.003 -19"><span class='ocrx_word' id='word_1_244' title='bbox 103 2300 299 2364; x_wconf 87' lang='lat' dir='ltr'>parvulis</span> <span class='ocrx_word' id='word_1_245' title='bbox 320 2316 406 2345; x_wconf 89' lang='lat' dir='ltr'>esse</span> <span class='ocrx_word' id='word_1_246' title='bbox 429 2316 516 2344; x_wconf 90' lang='lat' dir='ltr'>non</span> <span class='ocrx_word' id='word_1_247' title='bbox 538 2298 688 2354; x_wconf 84' lang='lat' dir='ltr'>vultis,</span> <span class='ocrx_word' id='word_1_248' title='bbox 710 2298 787 2360; x_wconf 90' lang='lat' dir='ltr'>qui</span> <span class='ocrx_word' id='word_1_249' title='bbox 809 2297 921 2344; x_wconf 92' lang='lat' dir='ltr'>nihil</span> <span class='ocrx_word' id='word_1_250' title='bbox 944 2314 1013 2344; x_wconf 88' lang='lat' dir='ltr'>eos</span> <span class='ocrx_word' id='word_1_251' title='bbox 1037 2298 1217 2356; x_wconf 84' lang='lat' dir='ltr'>habere,</span> <span class='ocrx_word' id='word_1_252' title='bbox 1248 2300 1364 2348; x_wconf 90' lang='lat' dir='ltr'>unde</span> <span class='ocrx_word' id='word_1_253' title='bbox 1380 2303 1478 2349; x_wconf 89' lang='lat' dir='ltr'>illos</span> 
     </span>
     <span class='ocr_line' id='line_1_32' title="bbox 106 2368 688 2432; baseline -0.005 -16"><span class='ocrx_word' id='word_1_254' title='bbox 106 2369 244 2416; x_wconf 86' lang='lat' dir='ltr'>salvos</span> <span class='ocrx_word' id='word_1_255' title='bbox 259 2369 406 2425; x_wconf 84' lang='lat' dir='ltr'>faciat,</span> <span class='ocrx_word' id='word_1_256' title='bbox 423 2368 688 2432; x_wconf 82' lang='lat' dir='ltr'>praedicatis.</span> 
     </span>
    </p>

    <p class='ocr_par' dir='ltr' id='par_1_6' title="bbox 105 2437 1482 2646">
     <span class='ocr_line' id='line_1_33' title="bbox 170 2437 1481 2498; baseline 0.004 -13"><span class='ocrx_word' id='word_1_257' title='bbox 170 2441 265 2486; x_wconf 86' lang='lat' dir='ltr'>XV.</span> <span class='ocrx_word' id='word_1_258' title='bbox 293 2439 378 2485; x_wconf 87' lang='lat' dir='ltr'>Sed</span> <span class='ocrx_word' id='word_1_259' title='bbox 402 2456 491 2484; x_wconf 92' lang='lat' dir='ltr'>non</span> <span class='ocrx_word' id='word_1_260' title='bbox 512 2438 595 2484; x_wconf 90' lang='lat' dir='ltr'>tibi</span> <span class='ocrx_word' id='word_1_261' title='bbox 613 2437 748 2484; x_wconf 90' lang='lat' dir='ltr'>deerit</span> <span class='ocrx_word' id='word_1_262' title='bbox 780 2438 927 2498; x_wconf 83' lang='lat' dir='ltr'>magni</span> <span class='ocrx_word' id='word_1_263' title='bbox 961 2440 1148 2485; x_wconf 88' lang='lat' dir='ltr'>nominis</span> <span class='ocrx_word' id='word_1_264' title='bbox 1164 2451 1205 2486; x_wconf 87' lang='lat' dir='ltr'>et</span> <span class='ocrx_word' id='word_1_265' title='bbox 1226 2439 1343 2487; x_wconf 83' lang='lat' dir='ltr'>fama</span> <span class='ocrx_word' id='word_1_266' title='bbox 1366 2445 1481 2491; x_wconf 86' lang='lat' dir='ltr'>cele-</span> 
     </span>
     <span class='ocr_line' id='line_1_34' title="bbox 105 2508 1480 2574; baseline 0.002 -17"><span class='ocrx_word' id='word_1_267' title='bbox 105 2512 296 2557; x_wconf 79' lang='lat' dir='ltr'>berrima</span> <span class='ocrx_word' id='word_1_268' title='bbox 329 2510 507 2556; x_wconf 89' lang='lat' dir='ltr'>illustris</span> <span class='ocrx_word' id='word_1_269' title='bbox 536 2510 767 2573; x_wconf 84' lang='lat' dir='ltr'>episcopus</span> <span class='ocrx_word' id='word_1_270' title='bbox 791 2508 921 2555; x_wconf 85' lang='lat' dir='ltr'>etiam</span> <span class='ocrx_word' id='word_1_271' title='bbox 955 2509 1008 2556; x_wconf 88' lang='lat' dir='ltr'>de</span> <span class='ocrx_word' id='word_1_272' title='bbox 1034 2512 1234 2574; x_wconf 88' lang='lat' dir='ltr'>partibus</span> <span class='ocrx_word' id='word_1_273' title='bbox 1272 2514 1480 2572; x_wconf 87' lang='lat' dir='ltr'>Orientis,</span> 
     </span>
     <span class='ocr_line' id='line_1_35' title="bbox 107 2581 1482 2646; baseline 0.003 -18"><span class='ocrx_word' id='word_1_274' title='bbox 107 2587 233 2643; x_wconf 86' lang='lat' dir='ltr'>cujus</span> <span class='ocrx_word' id='word_1_275' title='bbox 268 2581 440 2645; x_wconf 89' lang='lat' dir='ltr'>eloquia</span> <span class='ocrx_word' id='word_1_276' title='bbox 478 2581 663 2643; x_wconf 83' lang='lat' dir='ltr'>ingentis</span> <span class='ocrx_word' id='word_1_277' title='bbox 685 2581 838 2628; x_wconf 87' lang='lat' dir='ltr'>merito</span> <span class='ocrx_word' id='word_1_278' title='bbox 861 2581 1012 2642; x_wconf 82' lang='lat' dir='ltr'>gratiae</span> <span class='ocrx_word' id='word_1_279' title='bbox 1039 2582 1168 2630; x_wconf 90' lang='lat' dir='ltr'>etiam</span> <span class='ocrx_word' id='word_1_280' title='bbox 1205 2583 1252 2630; x_wconf 92' lang='lat' dir='ltr'>in</span> <span class='ocrx_word' id='word_1_281' title='bbox 1287 2583 1482 2646; x_wconf 86' lang='lat' dir='ltr'>linguam</span> 
     </span>
    </p>

    <p class='ocr_par' dir='ltr' id='par_1_7' title="bbox 156 2664 431 2703">
     <span class='ocr_line' id='line_1_36' title="bbox 156 2664 431 2703; baseline -0.007 -4"><span class='ocrx_word' id='word_1_282' title='bbox 156 2664 169 2689; x_wconf 85' lang='lat'><strong>¹</strong></span> <span class='ocrx_word' id='word_1_283' title='bbox 188 2664 310 2698; x_wconf 88' lang='lat' dir='ltr'>Coloss.</span> <span class='ocrx_word' id='word_1_284' title='bbox 330 2674 361 2703; x_wconf 90' lang='lat'>1,</span> <span class='ocrx_word' id='word_1_285' title='bbox 378 2665 431 2697; x_wconf 82' lang='lat'>13.</span> 
     </span>
    </p>

    <p class='ocr_par' dir='ltr' id='par_1_8' title="bbox 237 2732 1330 2785">
     <span class='ocr_line' id='line_1_37' title="bbox 237 2732 1330 2785; baseline 0.003 -21"><span class='ocrx_word' id='word_1_286' title='bbox 237 2732 367 2765; x_wconf 80' lang='lat' dir='ltr'>CXLII.</span> <span class='ocrx_word' id='word_1_287' title='bbox 1303 2738 1330 2785; x_wconf 85' lang='grc'><strong>7</strong></span> 
     </span>
    </p>
   </div>
  </div>
 </body>
</html>
