1843 3190
337 271 432 321 388
766 288 802 322 s,
843 285 1087 319 Ancus-nm
1122 285 1327 318 muscom

337 354 402 401 vis
421 364 471 400 ut
490 352 658 418 pariat3
696 364 848 399 contra
876 356 1004 412 cujus
1023 352 1186 398 viscera
1217 350 1316 396 satis
1352 349 1487 396 acutis
1513 348 1608 395 telis
1632 348 1717 395 tibi

336 425 496 472 videris
518 436 724 480 armatus,
745 424 799 469 de
808 424 977 483 justitia
1003 423 1083 469 Dei
1116 433 1266 469 contra
1293 422 1507 481 Justitiam
1531 420 1642 477 Dei,
1662 419 1717 466 de

335 497 475 555 gratia
500 495 583 541 Dei
601 505 753 540 contra
773 494 956 553 gratiam
978 494 1059 540 Dei
1073 493 1279 553 colligens
1300 502 1568 553 argumenta.
1591 492 1717 536 Tunc

336 567 452 610 enim
487 574 549 610 est
574 565 651 610 Dei
682 582 782 610 vera
809 564 979 623 justitia
1001 601 1012 620 ,
1039 564 1074 609 si
1100 579 1229 623 grave
1259 565 1417 622 jugum
1453 578 1584 625 super
1607 560 1719 606 filios

339 634 483 680 Adam
509 652 533 680 a
569 634 639 680 die
675 634 811 679 exitus
848 633 901 679 de
924 644 1073 680 ventre
1107 633 1257 679 matris
1285 649 1435 678 eorum
1459 648 1547 677 non
1569 631 1623 676 sit
1647 630 1719 676 in·-

331 707 499 764 justum
511 704 545 752 1.
573 704 808 762 Quomodo
829 715 976 750 autem
990 722 1076 750 non
1094 714 1157 749 est
1173 704 1386 763 injustum
1400 706 1555 762 jugum
1570 717 1716 762 grave,

337 775 373 819 si
397 774 570 820 nullum
606 785 668 820 est
699 775 747 820 in
779 775 974 837 parvulis
1009 774 1201 830 malum,
1233 783 1422 836 propter
1460 772 1581 835 quod
1606 775 1722 831 juste

330 847 438 903 jugo
456 855 714 906 premantur
739 844 890 903 gravi?
922 845 1050 889 Tunc
1073 853 1136 889 est
1157 860 1258 890 vera
1282 842 1365 888 Dei
1389 841 1526 901 gratia
1544 879 1556 898 ,
1580 841 1615 887 si
1634 841 1722 886 hoc

335 913 467 959 rebus
490 914 708 970 exhibeat,
733 913 855 976 quod
875 914 1019 960 verbis
1041 925 1180 960 sonat.
1209 911 1447 970 Quomodo
1467 922 1611 957 autem
1635 911 1722 956 hoc

335 983 459 1039 facit,
481 984 516 1029 si
535 1001 634 1029 eum
656 983 854 1029 exsufflat
886 984 933 1029 in
949 1000 1039 1048 quo
1066 983 1191 1030 novit
1208 999 1298 1028 non
1319 998 1406 1028 esse
1429 981 1549 1045 quod
1567 980 1719 1044 pellat,

337 1054 372 1099 si
401 1071 501 1100 eum
524 1054 644 1101 lavat
666 1056 712 1100 in
735 1070 822 1117 quo
856 1055 982 1100 novit
1015 1071 1104 1099 non
1127 1070 1214 1099 esse
1245 1052 1366 1116 quod
1404 1052 1592 1098 abluat?

403 1125 509 1170 XII.
541 1124 773 1187 Numquid
803 1123 872 1170 vel
907 1118 1006 1169 tibi‘
1027 1123 1096 1170 vel
1123 1122 1398 1187 quibuslibet
1437 1121 1727 1168 consectaneis

341 1194 428 1239 tuis
461 1193 626 1257 aliquid
650 1195 794 1240 dicere
828 1193 1052 1250 videreris,
1076 1194 1111 1239 si
1142 1203 1358 1257 quantum
1392 1192 1447 1238 sit
1463 1229 1474 1249 ‚
1505 1193 1521 1256 (
1541 1203 1590 1238 ut
1612 1209 1656 1238 ex
1678 1208 1728 1238 ea

343 1275 499 1309 natum
518 1281 686 1310 necesse
712 1265 768 1310 sit
789 1265 955 1310 renasci
975 1301 986 1321 ,
1022 1281 1111 1311 non
1138 1275 1307 1310 reatum
1338 1263 1393 1309 sit
1416 1280 1583 1309 necesse
1601 1263 1729 1309 dam-

343 1334 498 1396 nari,)
534 1334 701 1380 malum
721 1335 1092 1398 concupiscentiae
1116 1335 1275 1391 carnis,
1311 1334 1536 1381 sanctitate
1573 1334 1729 1379 mentis

343 1405 534 1464 cogitare
563 1406 744 1467 possetis
766 1423 777 1450 :
818 1415 860 1450 et
886 1404 995 1469 quid
1014 1405 1209 1451 conferat
1232 1404 1369 1464 gratia
1386 1438 1396 1456 ‚
1425 1421 1525 1450 cum
1560 1415 1730 1450 reatum

345 1477 436 1533 ejus
462 1473 651 1520 absolvit
671 1512 680 1530 ‚
702 1492 790 1538 quo
813 1474 1005 1520 faciebat
1029 1474 1296 1534 originaliter
1315 1474 1539 1521 hominem
1575 1491 1697 1520 reum
1716 1511 1727 1530 ,

346 1543 525 1607 quando
554 1545 604 1590 fit
622 1546 667 1590 in
689 1545 765 1591 illo
798 1545 928 1608 plena
955 1546 1147 1591 remissio
1175 1555 1490 1609 peccatorum3
1533 1545 1733 1609 quamvis

345 1614 442 1677 ipsa
474 1626 693 1660 remaneat
714 1653 725 1672 ,
754 1627 907 1662 contra
930 1634 1066 1680 quam
1092 1616 1331 1676 regenerati
1362 1616 1540 1680 spiritus
1565 1632 1733 1662 concu-

347 1684 512 1747 piscat,
543 1695 618 1731 aut
639 1685 750 1731 bene
781 1703 938 1732 usurus
962 1687 1049 1732 hoc
1080 1686 1197 1731 malo
1218 1686 1265 1731 in
1282 1686 1448 1732 minore
1465 1685 1701 1732 certamine
1719 1722 1730 1741 ,

353 1765 427 1800 aut
448 1755 626 1800 omnino
652 1774 742 1803 non
772 1774 928 1803 usurus
947 1759 994 1803 in
1025 1761 1190 1817 majore
1206 1758 1466 1804 certamine?
1489 1758 1606 1803 Inest
1621 1757 1736 1803 enim

351 1844 497 1873 sensus
539 1828 673 1888 hujus
719 1830 854 1886 mali,
899 1830 1008 1876 dum
1042 1830 1284 1876 reluctatur
1319 1841 1448 1893 atque
1483 1830 1730 1877 cohibetur.

354 1897 518 1942 Reatus
544 1908 690 1944 autem
731 1900 804 1945 ille
827 1937 839 1956 ,
883 1901 960 1963 qui
1000 1900 1089 1946 sola
1126 1900 1446 1960 regeneratione
1469 1900 1735 1957 dimittitur,

355 1967 734 2030 quemadmodum
775 1987 876 2019 cum
912 1971 1068 2017 inesset
1102 1988 1191 2016 non
1226 1971 1522 2025 sentiebatur3
1565 1972 1626 2017 ita
1649 1975 1741 2032 ejus

357 2037 524 2083 oblatio
547 2038 634 2084 fide
660 2040 871 2097 creditur,
893 2059 983 2087 non
1012 2058 1141 2087 carne
1161 2041 1226 2088 vel
1249 2052 1392 2087 mente
1411 2042 1606 2089 sentitur.
1634 2042 1740 2087 Ideo

354 2107 400 2152 in
425 2108 559 2168 hujus
585 2111 647 2155 rei
668 2111 934 2157 obscuritate
958 2123 999 2157 te
1017 2116 1178 2171 jactas,
1216 2123 1258 2157 et
1285 2112 1487 2158 adversus
1514 2113 1741 2159 veritatem
1798 2141 1801 2151 ι

355 2194 456 2240 quae
479 2179 650 2225 ostendi
689 2181 925 2227 hominum
946 2183 1130 2228 maxime
1166 2182 1407 2229 carnalium
1434 2183 1628 2229 sensibus
1653 2200 1742 2228 non
1797 2187 1800 2236 ἕ

355 2258 518 2309 potest,
543 2261 710 2312 quanto
732 2251 867 2311 magis
884 2263 933 2297 ut
950 2263 1081 2316 putas
1101 2253 1274 2311 acriter,
1301 2264 1422 2299 tanto
1441 2253 1577 2314 magis
1590 2252 1742 2299 infide·
1796 2293 1799 2313 ,Ἴ

355 2315 456 2362 liter
475 2335 661 2380 pugnas,

421 2388 551 2435 xiii.
586 2389 700 2446 sed,

520 2474 620 2502 Verte
637 2482 747 2502 omnes
764 2477 795 2504 te
814 2478 846 2503 te
864 2472 898 2504 in
912 2472 1006 2504 facies
1027 2479 1057 2505 et
1074 2474 1246 2517 contrahe,
1261 2475 1418 2519 quidquid

519 2526 591 2558 Sive
616 2526 741 2565 animis,
762 2527 826 2559 sive
843 2534 911 2560 arte
924 2529 1007 2560 vales
1023 2527 1049 2561 2.

399 2608 412 2631 ¹
429 2606 525 2640 Eccli.
543 2618 598 2650 xz,
616 2609 646 2639 3·
662 2625 706 2633 --
722 2605 738 2630 ²
752 2607 877 2645 AEneid.
898 2609 991 2654 =Virg.
1010 2610 1065 2645 lib.
1089 2623 1154 2659 xm,
1168 2623 1249 2650 vers.
1266 2615 1330 2654 89¹
1351 2619 1382 2648 et
1397 2618 1479 2658 892.
