1843 3190
301 335 430 365 LIBER
463 337 518 366 DE
556 334 718 366 GRATIA
752 337 805 367 ET
841 338 1003 368 LIBERO
1039 339 1266 370 ARBITRIO.
1376 322 1461 387 491

107 399 259 462 merita
283 399 413 445 honae
434 399 666 446 voluntatis
683 401 792 455 dari,
820 403 1006 448 Domino
1032 403 1203 449 dicente
1230 415 1357 467 atque
1387 413 1471 448 tes-

112 479 247 525 tante,
272 492 291 511 «
326 472 415 529 Ego
440 469 585 529 facio,
617 472 771 517 domus
802 474 958 527 Israbl,
992 473 1060 518 sod
1097 484 1280 537 propter
1315 491 1472 519 nomen

109 561 131 582 >>
150 557 293 585 meum
317 545 548 586 sanctum?
577 565 594 583 ›>
618 542 761 598 Quare
782 543 894 587 enim
917 543 1021 588 dixit
1041 580 1051 599 ‚
1077 565 1097 585 ε(
1126 544 1218 603 Ego
1246 542 1374 599 facio,
1402 543 1474 588 sed

109 630 130 652 ›>
151 621 328 673 propter
356 627 512 655 nomen
534 628 678 656 meum
697 623 893 657 sanctum
917 629 927 656 ε
952 633 972 653 »
996 613 1074 657 nisi
1097 631 1148 658 ne
1182 613 1242 658 illi
1268 623 1473 675 putarent

105 690 289 743 propter
311 681 427 725 bona
457 681 606 726 merita
626 699 700 727 sua
725 683 838 738 fieri,
858 682 978 744 quod
1003 699 1091 727 nou
1115 681 1376 727 erubescunt
1404 682 1471 727 (Ιί-

100 765 200 811 ἢ(ζ6ιπ6
235 749 484 808 Pelagiani?
524 751 623 796 Non
655 751 794 796 solum
828 761 971 795 autem
1005 752 1120 797 bona
1154 752 1304 796 merita
1325 768 1476 796 eorum

104 818 242 875 nulla,
273 819 557 865 verumetiam
580 820 693 865 mala
714 821 865 866 merita
889 821 1151 883 praecessisse
1185 820 1448 865 demonstrat
1468 857 1478 876 ‚

108 887 323 946 dicendo,
363 910 380 929 «
400 889 484 934 Sed
518 901 700 953 propter
737 907 893 935 nomen
933 906 1077 934 meum
1117 899 1335 946 sanctum,
1359 888 1477 952 quod

110 980 130 1000 ›>
146 958 404 1021 profanastis
431 961 476 1005 in
496 961 711 1020 gentibus.
735 982 754 1002 »
782 961 890 1016 Quis
921 978 1007 1005 non
1043 960 1186 1006 videat
1210 959 1478 1005 horrendum

109 1028 275 1074 malum
298 1046 383 1075 esse
402 1066 412 1086 ‚
437 1048 594 1076 nomen
625 1042 822 1076 sanctum
847 1031 1025 1075 Domini
1047 1030 1305 1093 profanare?
1334 1031 1389 1074 Et
1409 1036 1478 1074 ta-

109 1116 208 1144 men
245 1111 425 1163 propter
448 1101 592 1164 ipsum
617 1118 773 1146 nomen
803 1117 947 1145 meum
969 1137 979 1155 ‚
1001 1100 1164 1163 inquit,
1191 1099 1308 1163 quod
1331 1098 1482 1162 profa-

110 1168 241 1214 uastis
264 1186 357 1223 vos,
381 1187 458 1229 ego
481 1170 639 1216 faciam
665 1187 738 1216 vos
760 1171 915 1225 bonos,
942 1187 1028 1215 non
1049 1179 1230 1232 propter
1254 1186 1329 1214 vos
1348 1186 1360 1213 z
1380 1190 1400 1209 ε(
1424 1170 1479 1213 Et

46 1281 53 1283 ,
113 1259 133 1279 »
150 1240 452 1295 5ε1ῃ6ῐίΗ631ω,
475 1240 635 1303 inquit,
654 1256 806 1284 nomen
831 1257 971 1284 meum
998 1256 1220 1298 magnum,
1243 1238 1358 1300 quod
1375 1254 1482 1300 pro-

113 1330 134 1350 ι)
149 1307 344 1354 sanatum
369 1320 431 1372 est
455 1309 500 1354 in
527 1309 746 1368 gentibus3
770 1309 888 1372 quod
907 1307 1166 1371 profanastis
1185 1309 1227 1353 in
1250 1307 1389 1352 medio
1407 1324 1483 1351 eo-

113 1400 134 1420 »
148 1395 260 1425 rum.
283 1399 304 1420 n
319 1379 599 1425 sanctificare
619 1397 660 1425 se
685 1379 793 1424 dicit
810 1396 965 1424 nomen
984 1395 1125 1433 suum,
1143 1377 1262 1440 quod
1287 1377 1483 1439 superius

115 1447 278 1493 dixerat
303 1460 513 1495 sanctum.
545 1450 640 1494 Hoc
660 1459 719 1493 est
747 1465 847 1508 ergo
865 1448 983 1512 quod
1008 1464 1180 1493 oramus
1212 1448 1254 1492 in
1278 1445 1483 1491 Oratione

41 1525 48 1529 ’
115 1517 350 1573 dominica,
380 1518 569 1564 dicentes
587 1556 597 1574 ‚
636 1541 651 1557 «
672 1519 976 1564 Sanctificetur
997 1535 1153 1563 nomen
1179 1515 1332 1562 tuum1
1357 1534 1367 1560 ε
1396 1537 1416 1556 >)
1436 1524 1484 1559 ut

114 1587 410 1632 sanctificetur
431 1589 475 1632 in
496 1587 749 1633 hominibus
769 1625 779 1643 ‚
804 1589 920 1651 quod
946 1605 1023 1650 per
1048 1605 1088 1632 se
1112 1587 1254 1650 ipsum
1280 1587 1368 1630 sine
1396 1585 1483 1630 du-

117 1657 193 1702 bio
211 1674 379 1720 semper
411 1668 472 1702 est
495 1669 706 1705 sanctum.
745 1659 939 1722 Denique
973 1656 1197 1720 sequitur:
1229 1678 1246 1696 α
1266 1655 1320 1700 Et
1354 1655 1489 1700 scient

120 1747 140 1768 ›>
152 1744 300 1772 omnes
321 1738 464 1786 gentes
487 1730 588 1791 quia
613 1746 688 1787 ego
718 1745 810 1774 sum
835 1728 1058 1782 Dominus,
1077 1724 1366 1772 dieitAdona'i
1393 1725 1486 1768 Do-

56 1818 62 1820 -
122 1818 143 1838 n
155 1797 314 1851 minus,
330 1813 429 1842 cnm
449 1799 740 1843 sanctificatus
760 1798 880 1843 fuero
899 1798 942 1842 in
962 1797 1136 1843 vobis.»
1157 1800 1266 1841 Cum
1288 1811 1386 1853 ergo
1400 1794 1489 1856 ipse

121 1879 291 1929 semper
315 1868 367 1911 sit
385 1879 575 1921 sanctus,
599 1869 895 1913 sanctificatur
914 1878 1058 1911 tamen
1084 1867 1128 1911 in
1149 1865 1205 1911 eis
1226 1865 1385 1928 quibus
1407 1863 1492 1907 lar—

124 1937 240 1996 gitur
262 1937 443 1996 gratiam
468 1955 607 1993 suam5
633 1938 864 1982 auferendo
891 1937 945 1981 ab
969 1937 1026 1981 eis
1046 1953 1120 1981 cor
1141 1934 1363 1997 lapideum
1384 1968 1395 1987 ,
1416 1948 1493 1994 per

123 2005 244 2070 quod
270 2023 427 2051 nomen
449 2007 625 2052 Domini
646 2007 998 2069 profanaverunt.

191 2077 355 2123 XXXI.
395 2077 456 2122 Ne
477 2087 617 2122 autern
644 2087 846 2140 putetur,
876 2076 986 2121 nihil
1019 2075 1082 2120 ibi
1114 2074 1253 2119 facere
1275 2073 1391 2135 ipsos
1407 2069 1496 2115 ho-

128 2147 262 2192 mines
287 2164 364 2209 per
382 2146 567 2192 liberum
603 2148 832 2192 arbitrium
852 2183 861 2201 ‚
886 2146 982 2190 ideo
1016 2145 1062 2190 in
1096 2143 1265 2189 Psalmo
1301 2141 1462 2187 dicitur
1481 2175 1493 2195 ,

130 2238 150 2259 α
179 2217 321 2262 Nolite
343 2217 558 2262 obdurare
594 2217 727 2263 corda
758 2227 896 2262 vestra
913 2217 945 2262 ².
970 2237 990 2257 ›>
1015 2216 1070 2260 Et
1103 2231 1180 2277 per
1212 2213 1354 2275 ipsum
1388 2211 1498 2254 Eze-

131 2285 312 2332 chielem
333 2323 344 2343 ‚
374 2307 395 2327 «
419 2287 619 2346 Projicite
645 2287 816 2331 avohis
851 2300 997 2330 omnes
1029 2283 1268 2346 impietates
1303 2289 1462 2326 vestras
1484 2313 1496 2333 ,

132 2378 158 2399 »
174 2373 280 2419 quas
304 2356 436 2418 impie
459 2357 599 2416 egistis
622 2356 667 2401 in
687 2374 771 2411 me,
800 2366 842 2401 et
864 2355 991 2400 facite
1010 2354 1132 2398 vobis
1167 2367 1242 2397 cor
1265 2361 1429 2396 novum
1460 2358 1501 2392 et

134 2448 160 2468 ν
176 2427 375 2490 spiritum
397 2443 556 2472 novum
573 2463 584 2483 ‚
612 2436 653 2471 et
669 2424 796 2471 facite
814 2422 958 2471 omnia
976 2423 1178 2469 mandata
1204 2434 1311 2467 mea.
1327 2419 1385 2464 Ut
1395 2414 1503 2481 quid

82 2519 85 2521 >
137 2519 158 2539 ))
177 2494 438 2552 moriemini,
466 2496 621 2542 domus
651 2496 788 2543 Israffl
811 2533 821 2551 ‚
863 2492 972 2541 dicit
992 2492 1202 2538 Dominus
1223 2512 1234 2546 ;
1278 2489 1380 2553 quia
1399 2485 1502 2532 nolo

122 2588 161 2621 ρ)
179 2577 363 2614 mortem
382 2567 629 2623 morientis,
658 2566 769 2613 dicit
783 2566 955 2613 Adonai
972 2563 1206 2617 DominuS,
1227 2570 1270 2606 et
1284 2557 1504 2605 converti-

187 2650 198 2673 ¹
220 2648 337 2681 Matth.
358 2659 402 2687 vi,
421 2660 452 2689 9.
465 2666 510 2672 —
525 2647 541 2671 2
559 2649 639 2681 Psal.
658 2657 749 2690 xcur,
767 2648 797 2680 8.
