1843 3190
259 297 431 329 conruit
468 296 694 328 JULIANUM
731 294 1038 336 PELAGIANUM,
1077 295 1164 325 ΗΒ.
1208 295 1270 326 iv.
1353 275 1442 325 265

67 367 184 412 catis.
240 365 284 410 Si
325 366 439 410 enim
476 364 716 409 vincuntur
736 399 746 417 ,
787 361 953 425 inquis,
998 371 1177 424 peccata
1218 359 1409 423 peccatis
1428 395 1440 415 ,

66 447 230 501 quanto
244 436 377 495 magis
392 433 823 499 possuntvirtutibus
838 443 1016 495 peccata
1033 431 1256 494 superaris>
1279 453 1299 472 »
1313 429 1447 486 Quasi

67 524 143 552 nos
161 523 385 566 negemus,
416 504 682 563 adjtltorium
718 503 798 547 Dei
830 513 1001 547 tantum
1023 501 1162 547 valere
1180 538 1191 557 ,
1219 502 1254 547 si
1276 499 1378 546 velit
1398 510 1448 545 ut

67 576 198 621 hodie
239 576 378 620 nullas
424 573 796 636 concupiscentias
834 572 965 617 malas
997 572 1160 617 habere
1197 573 1411 635 possimus
1433 605 1445 626 ,

69 655 217 690 contra
249 662 354 708 quas
385 644 452 690 vel
482 643 764 689 invictissime
798 642 1087 688 dimicemus:
1113 653 1154 687 et
1186 652 1327 687 tamen
1361 657 1450 685 uon

72 715 186 772 fieri,
213 731 291 759 nec
320 725 366 758 tu
390 731 530 773 negas
573 716 663 758 Cur
697 722 840 758 autem
881 729 970 756 non
997 713 1073 757 fiat
1091 749 1101 768 ,
1128 712 1225 776 quis
1251 709 1455 770 cognovit

72 801 242 829 sensum
273 782 519 829 Dominis>
551 783 647 828 Non
682 793 825 828 tamen
857 799 1015 845 parum
1053 782 1168 839 scio,
1202 798 1303 827 cum
1336 779 1450 833 scio;

72 871 363 918 quaecumque
386 854 460 899 illa
491 871 618 899 causa
641 853 695 899 sit
712 890 722 908 ,
752 852 871 916 quod
895 853 1097 912 necjusti
1120 853 1199 897 Dei
1217 852 1270 897 sit
1289 849 1455 913 iniqui-

72 934 159 978 tas,
198 941 276 968 nec
304 923 612 987 omnipotentis
650 923 893 968 infirmitas.
936 924 1011 967 Est
1048 922 1179 982 igitur
1212 920 1379 984 aliquid
1409 919 1455 966 in

70 996 163 1053 ers
200 993 350 1037 abdito
373 993 545 1055 altoque
566 992 763 1048 consilio,
788 1010 868 1037 cur
884 992 1081 1056 quandiu
1100 993 1286 1038 vivimus
1304 991 1350 1036 in
1371 989 1457 1034 hac

74 1080 202 1109 carne
237 1063 435 1119 mortali,
466 1073 528 1107 est
559 1063 604 1107 in
629 1063 756 1107 nobis
792 1075 944 1108 contra
977 1062 1097 1125 quod
1128 1080 1246 1108 mens
1279 1060 1457 1106 dimicet

73 1144 219 1179 nostra
241 1151 251 1178 ε
273 1144 333 1178 est
352 1134 480 1179 etiam
501 1144 683 1197 propter
707 1133 824 1196 quod
841 1133 1038 1178 dicamus
1057 1151 1067 1178 :
1090 1154 1108 1174 <‹
1128 1133 1310 1178 Dimitte
1329 1130 1458 1176 nobis

75 1204 259 1250 »debita
293 1205 479 1251 nostra2.
506 1226 525 1246 ›>
555 1204 640 1249 Sed
679 1214 726 1249 ut
762 1205 841 1250 tibi
870 1205 930 1250 sic
958 1204 1114 1268 loquar
1138 1214 1347 1267 tanquam
1371 1202 1457 1246 ho-

74 1276 181 1321 mini
201 1276 358 1331 homo,
386 1287 426 1321 et
459 1275 554 1321 talis
582 1275 717 1321 homo
747 1279 871 1335 cujus
899 1286 1063 1321 terrena
1085 1274 1349 1321 inhabitatio
1380 1272 1460 1318 de-

76 1346 230 1410 primit
248 1363 416 1391 sensum
440 1346 579 1391 multa
601 1346 865 1405 cogitantem
883 1346 919 1401 3,
944 1346 1056 1391 nihil
1080 1357 1142 1391 est
1165 1346 1209 1391 in
1231 1344 1456 1398 creaturis,

77 1415 196 1479 quod
222 1417 374 1461 attinet
393 1416 447 1461 ad
465 1416 761 1461 institutarum
783 1416 994 1462 divinitus
1012 1417 1165 1462 merita
1183 1427 1460 1469 naturarum,

78 1485 277 1532 rationali
298 1497 440 1532 mente
457 1487 748 1550 praestantius.
775 1486 899 1532 Unde
914 1488 963 1532 fit
979 1504 1262 1550 consequens,
1280 1496 1328 1531 ut
1345 1501 1464 1531 mens

77 1557 194 1602 bona
211 1557 348 1616 magis
365 1557 447 1602 sibi
467 1556 638 1620 placeat
652 1593 662 1612 ,
690 1556 911 1620 magisque
931 1575 972 1602 se
991 1557 1083 1620 ipsa
1108 1557 1313 1613 delectet,
1329 1572 1464 1620 quam

80 1626 289 1690 quaelihet
315 1627 396 1672 alia
420 1638 631 1674 creatura.
664 1628 808 1684 Quam
831 1645 932 1673 vero
956 1628 1224 1691 periculose,
1252 1628 1340 1673 imo
1363 1643 1465 1689 per-

79 1698 241 1742 niciose
275 1696 358 1742 sibi
399 1697 590 1760 placeat,
635 1714 734 1742 cum
772 1714 851 1760 per
883 1697 971 1743 hoe
1012 1698 1212 1743 tumescit
1251 1696 1392 1760 typho
1427 1706 1469 1741 et

85 1767 241 1814 morbo
263 1766 500 1813 inflationis
540 1767 776 1823 extollitur,
801 1768 996 1830 quandiu
1021 1786 1109 1813 non
1134 1767 1251 1813 videt
1276 1768 1386 1813 sicut
1403 1765 1473 1811 vi-

83 1837 205 1883 debit
221 1837 266 1882 in
287 1838 372 1883 fine
391 1855 611 1883 summum
630 1837 740 1882 illud
759 1848 800 1882 et
822 1838 1096 1883 immutabile
1112 1839 1296 1891 bonum,
1321 1838 1363 1882 in
1386 1853 1468 1882 cu—

78 1911 149 1968 jus
173 1908 498 1970 comparatione
519 1925 561 1953 se
594 1918 798 1971 spernat,
829 1908 1000 1970 sibique
1030 1907 1145 1953 illius
1168 1908 1381 1953 charitate
1398 1907 1469 1952 vi-

83 1977 240 2033 lescat,
276 1988 486 2042 tantoque
510 1978 668 2041 spiritu
705 1981 795 2037 ejus
827 1978 1079 2041 impleatur,
1112 1988 1160 2023 ut
1195 1977 1240 2023 id
1277 1977 1360 2022 sibi
1381 1994 1470 2022 non

84 2047 248 2093 ratione
275 2047 362 2093 sola
382 2085 393 2104 ,
419 2048 492 2093 sed
517 2059 679 2093 aeterno
702 2065 877 2112 quoque
899 2065 1042 2093 amore
1065 2058 1296 2111 praeponat
1312 2084 1323 2101 ‚
1351 2046 1470 2092 mul-

87 2128 179 2162 tum
202 2127 263 2162 est
282 2117 551 2181 disputando
572 2117 680 2163 velle
704 2129 956 2164 monstrare.
997 2119 1121 2182 Sapit
1146 2118 1244 2164 haec
1267 2119 1344 2181 qui
1366 2117 1469 2162 fati-

87 2197 210 2247 gatus
228 2187 340 2233 fame
353 2189 583 2234 revertitur
602 2188 656 2233 ad
682 2188 958 2251 semetipsum
976 2225 987 2244 ,
1007 2199 1048 2234 et
1061 2189 1170 2234 dicit
1189 2206 1200 2233 t
1230 2209 1248 2230 α
1266 2189 1469 2249 Surgam,

88 2278 111 2302 ³)
128 2268 170 2303 et
193 2258 268 2303 ibo
306 2258 361 2303 ad
392 2269 561 2322 patrem
587 2275 731 2304 meum
747 2260 779 2305 Δ.
804 2280 822 2299 »
853 2258 979 2304 Unde
1016 2260 1163 2323 itaque
1194 2259 1379 2315 scimus,
1419 2275 1473 2304 ne

88 2327 200 2374 forte
218 2328 322 2390 quia
338 2328 426 2374 hoc
447 2329 665 2393 superbiae
685 2327 848 2373 malum
868 2339 974 2374 tunc
993 2329 1185 2374 animum
1206 2339 1367 2374 tentare
1385 2346 1474 2374 non

90 2399 280 2462 poterit3
304 2409 346 2444 et
370 2410 520 2445 contra
542 2398 664 2462 quod
688 2398 953 2444 decertemus
980 2399 1157 2445 omnino
1181 2399 1352 2444 nullum
1372 2398 1469 2454 erit,

93 2468 270 2532 quando
294 2480 414 2515 tanta
434 2470 665 2516 satiabitur
692 2469 856 2515 visione
875 2507 885 2525 ,
919 2479 960 2516 et
987 2479 1106 2516 tanta
1127 2470 1475 2516 inflammabitur

96 2539 307 2585 charitate
330 2540 561 2604 superioris
580 2540 687 2586 boni
702 2577 712 2597 ,
745 2550 793 2585 ut
813 2539 867 2586 ad
893 2557 935 2586 se
964 2540 1109 2604 ipsum
1135 2541 1216 2586 sibi
1240 2538 1473 2603 placendo,

144 2623 155 2644 ¹
169 2625 267 2657 Rom.
284 2634 329 2663 11,
345 2627 399 2661 34.
416 2643 460 2650 —
479 2623 495 2646 2
513 2622 630 2657 Matth,
646 2635 691 2666 vi,
714 2635 817 2658 12.—
832 2621 846 2646 3
865 2628 938 2668 Sap.
956 2636 1003 2663 ix,
1025 2626 1076 2655 15.
1095 2641 1139 2649 —
1159 2621 1173 2646 ⁴
1190 2627 1263 2655 Luc.
1281 2634 1333 2655 xv.
1351 2624 1405 2663 18,
