1843 3190
308 375 480 406 CONTRA
515 364 742 407 JULiANUM
777 374 1080 417 PELAGIANUM,
1119 378 1206 407 ΜΒ.
1250 378 1320 410 111.
1397 360 1488 408 203

119 439 268 486 mortis
290 441 423 501 hujus
441 479 452 498 ,
478 459 576 505 quae
591 442 634 487 in
658 441 861 504 paradiso
885 459 972 488 esse
994 459 1081 487 non
1103 453 1245 505 posset
1269 443 1364 488 ante
1381 460 1490 506 pec-

120 522 263 557 catum
284 512 329 556 in
346 530 528 576 corpore
547 513 648 559 vitae
671 512 799 559 illius.
829 513 1081 558 Secundum
1100 513 1396 558 conditionem
1417 530 1492 558 au-

118 591 202 626 tem
227 583 412 645 poenalis
445 583 577 643 hujus
611 583 834 646 corporis,
869 598 1027 628 munus
1052 582 1350 629 foecunditatis
1373 599 1491 628 nunc

118 651 233 696 Deus
248 652 481 715 unicuique
495 651 696 711 largitur,
717 671 804 697 non
824 652 1063 698 secundum
1080 652 1199 698 illam
1218 653 1486 707 felicitatem,

118 720 194 765 ubi
216 721 329 767 nihil
348 733 437 767 erat
464 723 509 767 in
537 739 688 778 carne,
723 722 842 785 quod
868 722 1070 767 adversus
1096 722 1300 785 spiritum
1322 738 1491 768 concu-

116 791 299 853 pisceret
312 829 324 848 ,
348 801 389 836 et
408 793 743 855 concupiscente
765 792 969 839 adversus
986 810 1027 837 56
1047 793 1201 855 spiritu
1218 791 1459 837 frenaretur
1477 809 1488 836 ε

113 860 215 923 quia
253 861 297 905 in'
323 872 478 907 natura
508 862 697 907 hominis
728 873 823 907 ante
856 871 1085 925 peccatum
1121 880 1275 925 pacem
1307 862 1492 907 decebat
1534 892 1537 893 ν

115 947 227 985 6556,
255 943 341 976 non
366 931 548 978 bellum.
587 927 639 977 ln
669 950 716 977 ea
748 950 848 978 vero
880 943 1002 995 parte
1037 933 1377 978 ratiocinationis
1411 942 1498 977 tuae

115 999 270 1045 frustra
294 1001 527 1058 laborasti,
552 1012 759 1065 tanquam
781 1003 923 1048 dicere
948 1020 1171 1065 possemus
1195 1021 1204 1047 ε
1228 1024 1244 1043 α
1267 1003 1387 1047 Isaac
1404 1002 1492 1046 sine

115 1071 466 1133 concupiscentia
492 1073 632 1117 carnis
648 1072 716 1118 vel
740 1073 892 1118 semini
911 1073 992 1118 viri
1011 1073 1138 1118 fuisse
1159 1083 1448 1135 procreatum.
1470 1094 1490 1112 »

116 1139 211 1185 Hoc
231 1141 343 1185 enim
366 1158 454 1186 non
474 1141 659 1187 dicimus
677 1160 688 1186 ε
710 1150 751 1187 et
770 1142 866 1187 idco
887 1142 1104 1206 quidquid
1122 1142 1223 1188 inde
1241 1142 1488 1206 disputasti,

116 1209 422 1271 praetereundo
442 1211 772 1257 contemnimus.

180 1279 341 1325 XXIV.
386 1280 516 1336 Quod
553 1290 695 1326 autem
723 1281 804 1326 tibi
831 1281 1044 1344 praeclaro
1076 1281 1274 1326 acumine
1306 1281 1421 1325 visus
1451 1297 1493 1325 es

116 1349 325 1395 invenisse
343 1386 354 1404 ,
383 1361 432 1395 ut
457 1350 620 1396 diceres
642 1369 651 1395 :
680 1373 698 1393 «
719 1347 897 1397 Etiamsi
919 1350 1119 1396 diabolus
1147 1361 1311 1396 crearet
1342 1351 1493 1395 homi-

117 1436 215 1475 nes,
243 1419 363 1465 nulla
385 1418 516 1484 culpa
551 1438 625 1466 sua
649 1422 752 1466 mali
783 1430 948 1474 essent3
985 1432 1025 1466 et
1050 1421 1146 1466 idco
1162 1426 1253 1480 jam
1284 1432 1362 1465 nec
1393 1420 1496 1465 mali

116 1500 279 1545 essent,
311 1491 414 1553 quia
434 1508 519 1536 esse
538 1492 769 1555 quisquam
795 1492 876 1536 nisi
901 1491 1020 1554 quod
1046 1501 1171 1536 natus
1190 1500 1274 1544 est,
1303 1500 1388 1534 non
1409 1507 1494 1552 po-

118 1560 222 1616 test,
252 1567 331 1606 ii'ec
354 1561 409 1605 ab
430 1565 657 1620 eojustu'in
680 1571 741 1606 est
760 1560 926 1624 aliquid
944 1557 1130 1624 amplius
1151 1560 1342 1620 flagitare
1360 1576 1494 1622 quam

116 1639 271 1694 potest.
298 1652 318 1671 n
343 1624 539 1676 Solemus
558 1638 599 1676 et
618 1648 695 1676 nos
714 1624 917 1677 adversus
945 1627 1212 1676 manichaeos
1235 1630 1312 1675 ista
1331 1629 1490 1684 dicere,

116 1699 302 1762 quinon
331 1701 526 1746 vitiatam
562 1700 722 1746 bonam
750 1700 905 1747 dicunt
927 1712 1013 1746 ’6556
1044 1704 1272 1755 naturam,
1301 1700 1373 1744 sed
1405 1699 1494 1743 sine

117 1769 242 1815 initio
266 1780 307 1815 et
329 1771 663 1816 immutabiliter
689 1767 845 1817 malam
866 1808 876 1827 ,
905 1789 1036 1834 quam
1061 1765 1300 1816 secundum
1322 1783 1415 1814 suas
1436 1768 1496 1813 fa-

117 1836 242 1884 bulas
262 1840 499 1903 opinantur
527 1839 699 1887 mala'm.
734 1837 898 1886 Natura
919 1858 1018 1887 vero
1041 1841 1233 1886 humana
1256 1839 1496 1886 secundum

119 1909 382 1955 catholicam
408 1911 539 1956 fidem
556 1912 673 1957 bona
697 1912 894 1957 instituta
913 1949 923 1967 ,
948 1911 1021 1957 sed
1041 1912 1190 1957 vitiata
1210 1921 1391 1974 peccato
1411 1923 1496 1955 me-

50 2040 52 2043 .
118 1980 290 2043 ritoque
327 1980 532 2027 damnata
568 1993 644 2029 est.
686 1983 774 2028 Nec
810 1983 970 2028 mirum
1004 1992 1145 2028 autem
1177 1999 1255 2027 nec
1285 1982 1496 2040 injustum

119 2060 207 2106 est,
236 2051 355 2113 quod
390 2048 510 2097 radix
542 2051 709 2115 'profert
739 2052 942 2098 damnata
976 2051 1229 2107 damnatos,
1263 2050 1345 2096 nisi
1374 2052 1498 2108 cujus

119 2138 272 2166 manus
292 2139 378 2167 non
401 2121 540 2167 defuit
563 2123 771 2179 creantis,
809 2134 897 2168 non
921 2118 1029 2167 desit
1056 2131 1099 2167 et
1128 2118 1421 2166 misericordia
1441 2111 1498 2162 li-

118 2189 307 2235 berantis
327 2208 337 2235 ε
358 2203 490 2254 quam
511 2208 584 2237 vos
604 2191 766 2237 miseris
782 2191 1001 2246 invidetis,
1026 2207 1127 2236 cum
1148 2190 1312 2235 malum
1329 2196 1490 2252 parvu-

120 2259 183 2306 los
198 2298 208 2316 ,
232 2277 255 2304 a
274 2277 361 2324 quo
385 2261 625 2307 liberentur
642 2299 654 2318 ,
684 2279 773 2307 non
794 2262 955 2308 habere
981 2260 1137 2307 dicitis.

188 2331 322 2377 XXV.
358 2331 441 2376 Sed
467 2343 578 2377 certe
596 2349 670 2398 vos
689 2333 766 2396 qui
791 2333 990 2377 miseram
1007 2328 1112 2377 falsa
1133 2328 1378 2375 defensione
1399 2345 1496 2392 pre-

122 2400 239 2446 mitis
257 2438 267 2455 ,
291 2411 332 2446 et
356 2401 599 2464 perniciosa
624 2400 751 2447 laude
782 2401 1046 2465 oppugnatis
1081 2399 1310 2445 infantiam
1327 2436 1338 2454 ,
1367 2415 1500 2461 quare

123 2470 235 2516 nihil
262 2470 362 2516 mali
391 2479 598 2517 merentes
621 2482 683 2517 tot
706 2471 752 2516 i'n
781 2471 977 2535 parvulis
1003 2469 1209 2529 imagines
1233 2469 1338 2524 Dei,
1363 2470 1398 2514 si
1415 2485 1501 2513 non

124 2541 429 2603 baptizentur,
459 2552 546 2587 non
572 2540 802 2587 admittitis
835 2541 890 2587 ad
925 2547 1106 2601 regnunt
1132 2540 1239 2585 Dei?
1277 2537 1502 2599 Numquid

123 2611 209 2673 ipsi
229 2611 311 2656 sibi
328 2611 586 2668 defuerunt,
614 2622 662 2657 ut
679 2612 908 2674 priventur
932 2628 1063 2671 regno
1079 2648 1089 2666 ,
1123 2620 1170 2654 ut
1194 2620 1279 2654 tam
1303 2608 1502 2652 luctuoso

124 2681 367 2746 puniantur
385 2683 510 2729 exilio
529 2703 540 2735 3
567 2699 668 2729 cum
687 2682 735 2735 id.
756 2699 845 2732 non
872 2682 1052 2729 fecerint
1069 2718 1079 2737 ‚
1103 2679 1223 2742 quod
1244 2678 1384 2724 facere
1403 2695 1502 2726 om-
