1843 3190
325 307 413 358 168
741 320 776 351 s.
819 318 1066 350 Anousnm
1100 317 1304 351 Emscort

324 398 422 433 tus:
443 385 517 432 sed
542 385 646 431 utile
674 395 736 430 est
759 401 836 429 nos
857 402 878 429 a
902 384 971 430 via
990 384 1043 430 ad
1073 401 1202 447 quam
1224 383 1405 429 ferimur
1429 381 1657 428 abscedere
1677 418 1688 437 ‚

323 468 462 515 neque
487 450 717 496 consistere
744 448 833 494 illic
862 448 1063 493 adhibito
1082 447 1320 494 decedendi
1337 465 1383 492 ex
1412 464 1458 491 ea
1482 464 1570 491 non
1593 463 1693 490 mo-

325 538 422 567 roso
448 535 636 565 recursu.
667 519 721 562 Et
740 517 905 563 idcirco
921 555 931 573 ‚
960 519 1148 562 «Beatus
1171 528 1231 562 est
1254 517 1320 562 vir
1342 517 1416 579 qui
1440 517 1483 561 in
1504 516 1572 560 via
1586 532 1694 578 pec-

328 615 349 634 »
370 601 566 637 catorum
588 606 675 634 non
693 587 827 633 stetit1
850 606 860 632 ι
883 610 901 629 ›>
922 599 1076 633 natura
1092 587 1267 650 quidem
1292 588 1335 632 in
1364 587 1477 631 viam
1497 586 1613 630 hanc
1630 585 1694 630 fe-

325 671 446 707 rente
464 696 474 713 ‚
505 658 577 704 sed
604 675 649 702 ex
677 657 745 702 via
770 657 854 702 hac
879 658 978 702 fidei
1014 658 1219 716 reiigione
1256 657 1476 702 referente.
1504 677 1524 695 ›>
1563 656 1697 699 Num-

326 730 537 794 quidnam
572 728 698 772 istum
733 727 986 789 putabimus
1014 738 1306 771 accusatorem
1342 725 1467 770 fuisse
1494 735 1663 769 naturae
1684 759 1696 779 ,

328 817 459 864 quam
483 797 680 843 condidit
699 799 845 841 Deus?
876 798 972 840 hon
998 797 1149 858 utique
1171 814 1181 840 z
1208 813 1294 840 non
1321 795 1432 839 enim
1467 793 1702 839 dubitabat

327 870 462 915 homo
482 866 725 912 catholicus
745 902 755 920 ,
783 865 1022 910 humanam
1044 865 1126 909 Dei
1154 881 1264 927 opus
1284 880 1369 908 esse
1389 873 1610 915 naturam;
1630 862 1702 907 sed

326 937 523 1001 profecto
544 936 665 990 vitia,
694 951 795 980 cum
817 935 978 997 quibus
1000 935 1220 980 nascimur
1250 934 1487 988 accusavit,
1512 934 1704 995 Aposto-

329 1009 463 1055 licum
482 1005 592 1051 illud
611 1015 757 1050 tenens
771 1041 782 1060 ‚
806 1025 824 1044 «
844 1005 1019 1050 Fuimus
1041 1004 1156 1048 enim
1176 1015 1217 1049 et
1235 1020 1312 1049 nos
1329 1013 1487 1047 natura
1511 1001 1590 1046 filii
1607 1001 1701 1057 irae,

331 1101 352 1122 >³
370 1078 483 1123 sicut
503 1087 545 1121 et
574 1074 720 1121 caeteri
733 1075 798 1120 2.»
816 1074 1121 1120 Verumtamen
1134 1074 1231 1119 haec
1251 1073 1401 1128 verba,
1425 1089 1524 1136 quae
1542 1071 1596 1117 de
1614 1089 1707 1117 ser-

332 1165 461 1196 mone
494 1146 630 1192 sancti
656 1145 812 1191 Hilarii
840 1146 994 1208 posui,
1028 1146 1062 1191 si
1087 1162 1180 1190 mea
1201 1155 1339 1191 essent
1355 1181 1366 1201 ,
1388 1153 1551 1207 quanta
1566 1144 1611 1188 in
1640 1159 1709 1188 me

333 1220 514 1271 diceres,
536 1216 970 1280 Manichaeorumque
993 1232 1150 1261 nomen
1175 1227 1217 1260 et
1240 1215 1402 1260 crimen
1417 1223 1581 1276 quanto
1601 1213 1710 1257 buc-

334 1304 485 1334 carum
515 1286 697 1349 strepitu
729 1285 989 1331 ventilares?
1026 1287 1154 1331 Nunc
1187 1301 1286 1344 ergo
1315 1301 1368 1329 ne
1405 1283 1467 1328 tui
1497 1282 1712 1328 stomachi

336 1359 451 1405 follis
468 1357 678 1418 indigesta
694 1356 1022 1401 maledictorum
1037 1356 1254 1401 cruditate
1271 1364 1518 1417 rumpatur,
1532 1353 1577 1397 in
1592 1353 1714 1399 hunc

340 1445 506 1482 evome,
538 1428 571 1472 si
593 1426 723 1471 audes
743 1463 751 1481 ,
781 1426 1067 1471 calumniosas
1092 1437 1187 1470 tuas
1210 1425 1418 1469 vanitates
1437 1460 1447 1479 ‚
1470 1433 1512 1468 et
1531 1423 1715 1468 insanias

342 1497 584 1545 mendaces.
616 1517 637 1537 c<
657 1495 723 1541 Ad
759 1496 856 1540 haec
878 1532 889 1551 ,
917 1496 1087 1558 inquit,
1115 1512 1194 1540 nos
1230 1494 1333 1540 vitia
1366 1504 1534 1538 naturae
1557 1504 1716 1541 nostrae

339 1566 549 1633 propellit
582 1565 825 1612 instinctus,
854 1587 873 1606 n
908 1566 1020 1622 Quae
1058 1565 1139 1610 ista
1176 1575 1332 1609 natura
1354 1566 1447 1608 esti)
1489 1563 1717 1625 Numquid

341 1655 441 1700 gens
469 1636 746 1682 tenebrarum
767 1672 777 1690 ‚
801 1653 933 1699 quam
955 1636 1302 1681 Manichaeorum
1337 1633 1487 1678 fabula
1510 1632 1718 1679 inducit?

344 1708 484 1756 Absit.
522 1706 777 1752 Catholicus
801 1706 1023 1770 loquitur„
1051 1707 1227 1765 insignis
1251 1705 1541 1751 Ecclesiarum
1564 1703 1720 1749 doctor

344 1779 557 1843 loquitur,
573 1776 764 1822 Hilarius
790 1777 999 1840 loquitur.
1029 1778 1183 1822 Nostra
1203 1793 1303 1835 ergo
1328 1785 1483 1820 natura
1505 1785 1566 1819 est
1587 1774 1721 1837 primi

342 1849 534 1896 hominis
559 1848 918 1910 praevaricatione
942 1848 1109 1902 vitiata,
1140 1864 1228 1892 non
1259 1847 1315 1891 ab
1344 1845 1425 1890 alia
1451 1855 1606 1889 natura
1633 1844 1722 1889 ulla

345 1919 554 1965 divisione
585 1916 850 1980 separanda,
886 1917 959 1962 sed
996 1918 1092 1980 ipsa
1131 1916 1320 1962 sananda
1351 1933 1360 1960 :
1388 1915 1459 1960 cui
1495 1914 1722 1960 diabolum

346 2009 369 2036 a
388 1989 514 2034 nobis
540 1987 744 2033 constitui
768 1987 1046 2032 calumniaris
1065 1998 1284 2032 auctorem
1302 2023 1313 2042 ,
1336 1985 1442 2031 dum
1459 1996 1507 2030 tu
1523 1985 1560 2030 ei
1574 1984 1723 2030 Chris-

347 2071 439 2106 tum
467 2057 634 2104 invides
669 2056 925 2102 salvatorem
945 2095 955 2112 ‚
996 2068 1038 2102 et
1072 2061 1164 2116 ejus
1188 2057 1261 2101 hic
1286 2056 1420 2100 vitam
1442 2092 1452 2110 ,
1480 2055 1540 2099 ita
1565 2066 1613 2099 ut
1636 2054 1725 2099 sine

348 2130 437 2176 ullo
461 2130 515 2174 sit
531 2127 709 2173 omnino
728 2138 928 2190 peccato,
950 2127 1187 2190 perfectam
1207 2126 1310 2171 duci
1325 2142 1447 2188 posse
1462 2124 1703 2171 contendis.

414 2200 579 2246 XXIX.
622 2196 708 2242 Sed
734 2197 835 2242 audi
861 2197 969 2260 quid
991 2198 1119 2243 etiam
1141 2197 1245 2242 hinc
1265 2207 1304 2241 te
1328 2196 1558 2241 admoneat
1575 2195 1726 2239 beatus

349 2267 584 2318 Hilarius3.
625 2268 737 2313 Cum
768 2267 883 2312 enim
911 2277 1142 2331 exponeret
1164 2266 1387 2312 Psalmum
1415 2263 1726 2328 quinquagesi-

348 2357 469 2387 mum
498 2339 691 2402 primuni
719 2355 729 2382 ε
763 2358 784 2378 tc
811 2341 917 2400 Spes
935 2375 946 2394 ‚
976 2338 1143 2402 inquit„
1168 2337 1215 2382 in
1250 2335 1542 2381 misericordia
1569 2335 1648 2379 Dei
1681 2335 1726 2379 in

349 2410 558 2458 saeculurn
586 2418 628 2453 et
657 2408 702 2453 in
735 2408 946 2453 saeculum
977 2408 1126 2454 saeculi
1159 2418 1235 2454 est.
1280 2407 1378 2452 Non
1403 2405 1517 2450 enim
1541 2405 1635 2468 ipsa
1654 2404 1727 2450 illa

343 2481 526 2542 justitiae
560 2494 693 2541 opera
725 2477 937 2523 sufficient
966 2478 1021 2523 ad
1051 2476 1256 2540 perfectae
1279 2475 1562 2521 beatitudinis
1593 2474 1727 2520 meri-

350 2564 443 2599 tum
461 2588 473 2608 ,
498 2548 580 2596 nisi
600 2546 896 2594 misericordia
922 2548 1002 2594 Dei
1028 2548 1156 2594 etiam
1178 2547 1222 2592 in
1254 2546 1339 2592 hac
1361 2545 1542 2606 justitiae
1565 2545 1726 2591 volun-

397 2635 407 2657 1
428 2633 508 2666 Psal.
530 2644 557 2672 x,
582 2643 610 2664 1.
622 2648 665 2656 —
683 2629 699 2653 2
714 2629 828 2674 Ephes.
842 2641 878 2670 11,
893 2631 926 2666 3.
946 2648 990 2656 -
1004 2628 1018 2654 3
1033 2629 1174 2664 Hilarius
1191 2628 1224 2662 in
1244 2628 1328 2663 Psal.
1346 2629 1401 2665 51.
1419 2639 1527 2662 versus
1545 2628 1654 2663 finem.
