1843 3190
369 402 380 430 1
394 394 452 430 oa}
787 398 823 427 S.
862 388 1107 427 Ausus'rml
1141 388 1346 427 EP1SCOP1

364 465 454 524 lege
485 462 771 509 constitutum
797 470 873 506 est.
911 460 1111 506 Primum
1137 460 1253 507 enim
1279 460 1536 507 mandatum
1572 461 1742 524 accepit

368 535 506 581 Adam
533 551 543 578 ε
574 554 593 573 «
614 534 648 577 A
668 532 785 590 ligno
809 530 972 576 sciendi
997 532 1165 577 bonum
1195 543 1236 578 et
1255 532 1417 577 malum
1445 548 1532 576 non
1549 531 1741 577 mandu-

369 630 388 648 »
411 602 608 651 cubitisffl,
635 624 655 644 »
681 602 779 646 Non
804 601 1128 647 manducabitis
1152 614 1292 648 autem
1312 640 1321 659 ,
1342 603 1560 663 jejunium
1585 612 1676 658 est„
1702 612 1743 647 et

366 677 468 736 legis
489 672 807 719 constitutionis
825 672 1014 719 initium.
1040 674 1085 718 Si
1100 677 1332 733 jejunasset
1350 691 1372 718 a
1388 673 1505 732 ligno
1521 674 1612 718 Eva
1625 709 1636 728 ,
1656 689 1745 718 non

367 748 448 792 isto
472 745 765 803 indigeremus
779 743 960 802 jejunio.
991 764 1011 784 «
1032 743 1131 788 Non
1148 745 1263 789 enim
1287 761 1397 807 opus
1418 743 1584 788 habent
1602 743 1747 789 valen-
1804 768 1812 771 ·
1836 747 1839 778 J

372 839 389 857 η
412 828 469 860 tes
504 814 698 867 medico,
737 812 809 857 sed
840 812 950 857 male
982 813 1239 861 habentes-2.
1265 836 1286 856 »
1327 814 1641 873 AEgrotavimus
1668 830 1747 876 per

368 895 594 948 peccatum
611 919 621 938 ‚
652 898 851 927 sanemur
877 899 957 944 per
985 884 1310 945 poenitentiam.
1355 883 1620 928 Poenitentia
1645 899 1747 928 vero

368 956 455 1000 sine
472 953 638 1013 jejunio
662 968 800 997 vacua
824 961 899 997 est.
930 972 950 992 «
973 952 1205 998 Maledicta
1224 964 1337 1000 terra
1369 953 1514 1015 spinas
1535 963 1577 997 et
1601 953 1749 998 tribu-

373 1025 474 1069 »los
502 1021 698 1086 pariet3:
723 1042 742 1062 ³>
761 1021 1020 1066 Contristari
1054 1022 1281 1068 ordinatus
1299 1040 1364 1075 es,
1388 1022 1606 1086 numquid
1638 1022 1750 1068 deli-

372 1094 509 1141 ciari?
554 1094 610 1137 Et
652 1091 785 1155 paulo
815 1101 914 1154 post
949 1091 995 1137 in
1030 1092 1180 1137 eodem
1220 1110 1438 1147 sermone,
1471 1092 1585 1137 idem
1613 1092 1704 1155 ipse
1736 1111 1747 1137 ι

373 1185 394 1207 α
415 1164 529 1219 Quia
549 1179 638 1208 non
653 1161 947 1221 jejunavimus
963 1198 974 1217 ,
992 1162 1135 1225 inquit
1153 1199 1163 1218 ‚
1189 1162 1433 1212 decidimus
1456 1162 1509 1207 de
1530 1162 1745 1225 paradiso.

373 1236 624 1294 JeJ'unemus
643 1248 742 1291 ergo
761 1269 771 1287 ‚
800 1243 848 1276 ut
873 1231 927 1276 ad
947 1249 1045 1277 eum
1070 1233 1310 1280 redeamus.
1337 1255 1357 1274 »
1381 1233 1489 1278 Haec
1509 1243 1638 1296 atque
1663 1232 1753 1278 hu-

367 1304 562 1365 jusmodi
584 1303 666 1348 alia
688 1303 825 1348 saneti
853 1303 1000 1349 Basilii
1024 1303 1057 1348 si
1077 1303 1268 1364 legisses,
1295 1305 1363 1350 vel
1383 1305 1417 1349 si
1442 1304 1552 1348 lecta
1571 1303 1756 1349 fideliter
1819 1327 1822 1356 ι

376 1375 647 1422 considerare
678 1373 881 1419 voluisses
898 1411 907 1425 .,
938 1391 1164 1437 nunquam
1195 1375 1392 1438 profecto
1418 1375 1471 1420 de
1494 1373 1647 1419 litteris
1666 1377 1756 1433 eJ’us
1818 1376 1821 1411 Ι

379 1446 432 1491 ad
459 1443 742 1490 offundendas
773 1444 954 1489 nebulas
977 1445 1281 1504 ignorantibus
1300 1482 1311 1500 ‚
1348 1462 1396 1489 ea
1424 1460 1523 1507 quae
1557 1443 1670 1489 nihil
1703 1442 1757 1488 ad
1814 1414 1820 1501 ‚l

377 1516 660 1581 quaestionem
689 1531 788 1577 quae
810 1515 923 1560 inter
940 1533 1018 1560 nos
1043 1516 1225 1561 vertitur
1247 1517 1466 1579 pertinent
1485 1552 1494 1570 ‚
1517 1515 1563 1560 in
1582 1514 1651 1559 his
1675 1515 1775 1560 tuis*
1809 1505 1817 1688 Ι

378 1587 501 1632 libris
526 1586 669 1631 nescio
697 1601 783 1647 qua
806 1596 949 1630 mente
976 1587 1203 1649 posuisses.
1245 1586 1379 1632 Audis
1409 1585 1530 1650 quod
1563 1585 1644 1630 isto
1672 1602 1760 1630 non

382 1657 672 1716 indigeremus
691 1655 857 1714 jejunio
877 1693 887 1711 ‚
907 1657 940 1700 si
963 1656 1098 1701 homo
1111 1657 1267 1716 jejunii
1285 1656 1423 1716 legem
1442 1673 1531 1701 non
1551 1655 1700 1700 suisset
1716 1655 1760 1700 in

385 1726 578 1791 paradisi
600 1725 805 1771 felicitate
830 1736 1134 1785 transgressus3
1162 1737 1203 1772 et
1226 1744 1354 1786 negas
1385 1737 1567 1789 peccato
1588 1725 1762 1770 illorum

386 1797 618 1843 hominum
651 1796 859 1841 obnoxios
894 1806 1072 1842 caeteros
1106 1797 1254 1843 nasci?
1291 1797 1426 1842 Audis
1457 1796 1715 1856 adj-unctum
1746 1807 1774 1839 :'

388 1890 407 1909 t<
431 1869 528 1913 Non
549 1866 662 1911 enim
688 1866 779 1910 sani
797 1866 993 1926 indigent
1018 1866 1189 1912 medico
1216 1884 1226 1912 :
1250 1888 1270 1908 »
1294 1877 1336 1912 et
1359 1884 1487 1925 negas
1509 1883 1586 1911 nos
1604 1865 1763 1911 sanita*

390 1950 494 1992 tem,
519 1937 564 1982 in
577 1953 662 1999 qua
679 1936 810 1982 creati
828 1953 974 1981 sumus
988 1974 997 1992 ,
1019 1948 1201 2000 peccato
1219 1937 1395 1983 illorum
1412 1936 1642 1981 hominum
1660 1948 1771 1999 per-¹
1811 1975 1813 1978 .

391 2008 580 2054 didisse?
605 2006 739 2052 Audis
773 2008 1053 2063 sententiam,
1082 2025 1183 2070 quae
1213 2008 1383 2071 prolata
1413 2018 1475 2052 est
1504 2007 1551 2052 in
1573 1981 1813 2069 primum'd

390 2080 617 2126 hominem
643 2088 921 2140 peccatorem
947 2096 956 2122 :
985 2100 1004 2119 α
1024 2079 1181 2142 Spinas
1204 2090 1245 2124 et
1267 2078 1454 2124 tribulos
1489 2088 1595 2122 terra
1630 2065 1810 2139 parietw]

392 2173 412 2193 »
430 2149 512 2195 tibi
529 2186 539 2203 ,
563 2170 584 2189 »
611 2148 665 2193 ad
691 2165 768 2193 nos
792 2148 921 2193 etiam
957 2150 1202 2212 pertinere3
1233 2160 1276 2194 et
1298 2166 1425 2209 negas
1455 2147 1662 2193 obnoxios
1685 2146 1809 2192 ess6³‹'

392 2216 572 2283 peceato
588 2255 598 2273 ‚
627 2235 735 2281 quos
752 2217 890 2263 eidem
909 2219 1048 2264 cernis
1070 2219 1279 2265 obnoxios
1299 2236 1385 2264 esse
1403 2218 1655 2264 sententiae?
1676 2212 1789 2261 Au-i-

395 2290 459 2334 dis
485 2289 538 2334 ad
564 2288 818 2351 paradisum
850 2306 927 2334 nos
942 2326 953 2345 ‚
987 2289 1102 2335 unde
1126 2289 1371 2335 decidimus
1387 2327 1397 2343 ‚
1420 2288 1561 2333 redire
1583 2286 1765 2340 debere;
1788 2294 1794 2317 ³

394 2370 435 2405 et
459 2376 586 2418 negas
608 2358 662 2403 ad
686 2375 763 2403 nos
788 2375 935 2404 eorum
958 2370 1189 2424 peccatum
1208 2397 1219 2415 ,
1246 2360 1321 2423 qui
1347 2359 1425 2404 soli
1448 2369 1555 2403 tunc
1572 2350 1784 2410 homines·-

392 2431 438 2475 in
456 2428 658 2492 paradiso
679 2427 878 2485 fuerant,
903 2430 948 2475 in
971 2431 1132 2494 quibus
1151 2441 1192 2475 et
1211 2447 1288 2475 nos
1310 2429 1492 2484 fuimus,
1524 2417 1782 2492 pertinere&

462 2500 582 2546 XIX.
621 2498 741 2555 Quid
765 2499 871 2545 hinc
892 2500 1073 2563 plura?
1109 2500 1219 2546 Vide
1245 2504 1337 2560 jam
1370 2510 1518 2545 utrum
1557 2498 1776 2544 sufficiaffll«

395 2570 477 2615 tibi
497 2586 544 2614 ex
561 2568 751 2614 Orientis
773 2569 974 2631 partibus
992 2569 1079 2615 duo
1095 2571 1164 2615 isti
1189 2581 1274 2615 tam
1291 2571 1475 2631 insignes
1494 2570 1577 2615 viri
1594 2606 1605 2625 ‚
1624 2578 1665 2614 et
1682 2573 1765 2613 tam

392 2641 508 2687 clara
527 2638 705 2703 praediti
723 2640 948 2686 sanctitate
965 2677 976 2697 ‚
1009 2651 1051 2686 et
1076 2641 1188 2687 siout
1211 2640 1347 2687 fertur
1369 2641 1499 2688 etiam
1522 2656 1651 2688 carne
1675 2630 1781 2701 gefss'}

441 2724 551 2757 ¹Geu.
568 2734 607 2766 ιι,
630 2735 681 2762 17·
696 2740 737 2747 ——
758 2721 774 2744 2
793 2723 910 2758 Matth.
932 2735 979 2762 ix,
999 2734 1053 2756 22.
1068 2742 1110 2749 —
1125 2722 1141 2747 ³
1159 2726 1243 2759 Gen.
1262 2735 1315 2766 111,
1335 2726 1387 2758 18.
