1843 3190
316 225 408 281 3¹0
726 239 761 270 S.
804 239 1048 269 AUGUSTINI
1081 237 1285 270 EPISCOPI

314 303 526 367 ponditin
544 302 686 349 medio
703 304 808 363 ligni
829 303 1038 367 paradisi,
1057 303 1283 367 respondit
1301 303 1464 350 Adam:
1488 323 1510 346 «
1525 302 1687 353 Vocem

315 396 337 416 »
360 385 480 420 tuam
500 373 646 419 audivi
677 373 996 420 deambulantis
1034 374 1079 419 in
1113 374 1333 437 paradisO,
1357 385 1399 420 et
1422 374 1561 431 timui,
1586 373 1688 437 quia

314 465 337 486 >³
354 444 498 489 nudus
511 460 606 488 sum
629 442 666 499 1,
691 465 711 485 »
729 443 846 489 Illud
879 443 1105 491 manifesta
1126 445 1341 501 confusio,
1363 444 1480 491 istud
1514 444 1688 494 occulta

314 513 594 569 conscientia,
613 529 700 575 qua
723 508 1027 577 delinquente
1015 515 1269 562 lntrinsecus
1287 515 1447 562 accidit
1462 514 1688 563 manifesta

314 582 537 629 confusio.
554 583 664 628 illud
687 601 786 643 ergo
800 584 1353 647 fecitpudor,hocti1nor;
1377 584 1488 633 illud
1504 585 1686 633 erubes-

312 653 449 699 cenda
482 654 874 717 concupiscentia,
909 655 996 700 hoc
1026 657 1249 718 punienda
1284 656 1574 708 conscientia;
1608 654 1689 699 de-

313 722 448 767 menti
477 722 639 767 scilicet
668 723 841 779 similis,
878 724 1054 787 quando
1077 743 1175 771 eum
1213 726 1290 788 qui
1317 725 1460 771 cordis
1487 724 1691 776 cernebat

309 793 495 848 interna,
529 794 726 856 corporis
756 795 1048 840 occultatione
1073 795 1282 855 fugiebat.
1314 796 1435 852 Quid
1463 806 1525 840 est
1549 804 1710 847 autem.

309 861 430 925 quod
463 862 523 907 ait
545 863 777 920 Dominus,
799 885 820 906 <c
841 864 952 921 Quis
986 866 1206 911 nuntiavit
1234 866 1316 912 tibi
1336 866 1439 929 quia
1469 865 1612 915 nudus
1629 881 1690 920 es,

312 952 333 973 >2
370 930 451 977 nisi
472 931 526 977 de
549 931 667 992 ligno
695 932 748 979 de
777 950 864 997 quo
895 951 1192 998 praeceperam
1217 936 1369 981 tibine.
1386 934 1690 988 manducares,

315 1022 336 1044 ›>
371 1001 646 1048 manducasti
675 1006 693 1049 ,ὓ
718 1025 737 1046 n
781 1004 901 1060 Quid
923 1016 988 1050 est
1009 1016 1177 1065 gustato
1203 1006 1305 1052 cibo
1322 1005 1549 1069 prohibito
1567 1003 1696 1057 nudi-

310 1083 374 1118 tas
401 1072 613 1130 indicata,
640 1074 722 1120 nisi
746 1087 927 1138 peccato
951 1076 1167 1123 nudatum
1191 1075 1311 1140 quod
1331 1075 1468 1136 gratia
1488 1085 1693 1134 contege-

309 1144 418 1191 bat?
443 1144 595 1189 Gratia
617 1145 783 1208 quippe
807 1146 886 1192 Dei
904 1164 1060 1206 magna
1089 1147 1153 1194 ibi
1177 1157 1281 1203 erat¹
1315 1147 1395 1192 ubi
1413 1156 1630 1199 terrenum
1652 1155 1695 1199 et

313 1213 497 1260 animale
533 1231 692 1278 corpus
724 1216 946 1263 bestialem
978 1217 1208 1263 libidinem
1236 1234 1324 1264 non
1353 1216 1562 1267 habebat.
1605 1214 1696 1271 Qui

311 1300 413 1343 ergo
447 1284 624 1330 vestitus
661 1287 798 1345 gratia
817 1304 904 1332 non
932 1288 1128 1334 habebat
1158 1288 1203 1333 in
1221 1287 1340 1333 nudo
1372 1303 1554 1349 corpore
1575 1285 1696 1349 quod

312 1353 514 1416 puderet,
546 1354 753 1417 spoliatus
767 1357 902 1415 gratia
925 1358 1053 1403 sensit
1069 1358 1187 1420 quod
1207 1358 1376 1421 operire
1396 1357 1586 1408 deberet.

377 1424 627 1471 LXXXIII.
661 1447 682 1467 «
707 1426 928 1486 Fugienda
944 1463 955 1482 ,
976 1427 1142 1490 inquis,
1167 1428 1317 1490 opinio
1340 1437 1427 1483 est,
1454 1443 1554 1489 quae
1569 1435 1698 1489 putat

313 1494 382 1540 vel
411 1495 457 1540 in
485 1496 692 1542 membris
712 1497 967 1553 hominum,
996 1499 1065 1544 vel
1087 1499 1132 1545 in
1169 1499 1365 1554 sensibus
1399 1497 1698 1551 membrorum

316 1564 480 1627 aliquid
509 1565 737 1612 diabolum
761 1567 1017 1615 condidisse.
1047 1590 1065 1610 υ
1098 1568 1215 1625 Quid
1244 1568 1369 1613 nobis
1390 1567 1546 1627 objicis
1568 1583 1700 1620 vanas

316 1635 649 1681 exorbitationes
671 1640 792 1682 tuas?
825 1639 861 1683 N
867 1655 922 1683 on
939 1638 1105 1701 aliquid
1125 1638 1328 1684 diabolus
1348 1637 1468 1700 quod
1489 1635 1544 1690 ad
1563 1646 1698 1690 natu-

318 1721 410 1751 ram
430 1705 620 1752 hominis
634 1708 824 1769 pertinet
844 1708 1066 1755 condidit:
1095 1708 1169 1753 sed
1187 1708 1307 1771 quod
1327 1709 1444 1758 Deus
1459 1707 1569 1762 bene
1587 1722 1698 1759 con-

317 1773 515 1832 diderat,
548 1777 716 1839 peccati
739 1778 1016 1840 persuasione
1037 1778 1243 1827 violaxitz
1264 1778 1324 1823 ita
1350 1787 1400 1823 ut
1427 1776 1502 1829 illo
1520 1775 1701 1831 vulnere

317 1845 436 1924 quod
450 1845 615 1892 famum
629 1859 691 1894 est
701 1866 780 1911 per
795 1848 985 1895 duorum
999 1849 1230 1895 hominum
1244 1848 1433 1901 liberum
1444 1847 1695 1897 arbitrium,

319 1925 461 1961 totum
475 1933 607 1995 genus
627 1917 893 1964 claudicaret
911 1919 1172 1966 humanum.
1202 1920 1315 1964 Ecce
1331 1927 1584 1971 circumstat
1600 1933 1700 1970 sen-

316 2001 387 2031 sus
405 1996 501 2032 tuos
524 1988 693 2034 miseria
713 1990 876 2048 generis
897 1990 1097 2038 humani.
1127 1990 1275 2039 Homo
1293 2005 1352 2044 eS,
1374 1987 1560 2040 humani
1583 1985 1698 2042 nihil

321 2055 398 2101 abs
418 2066 458 2102 te
476 2055 665 2105 alienum
683 2059 850 2121 puta23
875 2070 918 2106 et
929 2060 975 2104 in
989 2060 1039 2106 iis
1052 2076 1152 2123 quae
1173 2075 1262 2104 non
1276 2058 1436 2121 pateris
1453 2067 1701 2120 compatere

317 2125 600 2188 patientibus,
635 2127 846 2184 Quamvis
863 2140 906 2177 et
926 2131 1018 2193 ipse
1036 2167 1046 2181 ,
1069 2128 1344 2193 quantalibet
1368 2138 1537 2183 terrena
1558 2127 1701 2184 felici-

318 2205 406 2242 tate
418 2197 696 2260 praepolleas,
739 2199 913 2247 nullum
934 2201 1024 2249 sine
1047 2200 1164 2249 bello
1185 2199 1388 2249 intestino
1409 2198 1524 2253 diem
1546 2197 1697 2254 ducis:

322 2265 357 2310 si
378 2276 522 2314 tamen
558 2269 678 2331 quod
697 2271 916 2332 profiteris
941 2271 1123 2334 implere
1148 2270 1331 2319 conaris.
1360 2269 1447 2315 Sed
1465 2269 1512 2314 in
1530 2268 1582 2323 iis
1597 2284 1701 2331 quae

319 2336 561 2385 meminisse
573 2341 666 2397 jam
678 2357 765 2385 non
783 2351 923 2403 potes,
940 2341 1150 2404 parvulos
1162 2341 1346 2395 intuere,
1365 2349 1472 2402 quot
1482 2348 1524 2383 et
1537 2347 1703 2400 quanta

317 2405 429 2452 mala
464 2409 704 2471 patiantur,
735 2411 781 2457 in
804 2412 966 2474 quibus
984 2411 1277 2466 vanitatibus,
1304 2408 1575 2463 cruciatibus
1591 2444 1603 2464 ,
1628 2425 1700 2465 el]-

313 2477 504 2536 roribus,
534 2481 775 2543 terroribus
800 2492 1008 2530 crescant.
1034 2481 1203 2530 Deinde
1220 2485 1316 2541 jam
1340 2478 1541 2540 grandes,
1567 2478 1703 2535 elisam
1754 2514 1756 2516 ·

367 2560 377 2581 ¹
396 2562 480 2595 Gen.
498 2571 547 2601 111,
565 2573 578 2592 1
590 2573 617 2593 1.
631 2579 676 2586 —
688 2561 703 2585 ²
716 2566 848 2599 Terent.
868 2566 986 2599 fleant,
1004 2571 1065 2598 act.
1084 2576 1112 2599 1.
1128 2567 1180 2599 Sc.
1205 2575 1234 2596 1.
1250 2574 1333 2596 vers.
1350 2564 1409 2603 25,-
