1843 3190
383 290 477 348 244
801 306 834 333 5.
879 303 1122 334 Auensrini
1158 303 1361 334 izrlscom

379 371 552 434 inquis:
592 369 636 415 Si
667 369 785 416 calor
817 368 1010 429 genitalis
1040 368 1278 429 conjugalis
1304 367 1539 414 honestatis
1566 367 1758 415 minister

381 442 437 487 ab
455 439 748 486 immoderatis
767 439 1050 503 procursibus
1088 450 1174 484 tam
1205 439 1347 485 studio
1375 439 1568 484 fidelium
1588 477 1598 495 ‚
1629 456 1761 502 quam
1827 494 1832 510 .

379 511 482 557 doni
501 511 660 555 virtute
679 510 903 566 retinetur,
934 526 1012 554 nec
1042 509 1306 568 extinguitur
1341 527 1419 572 per
1452 510 1658 568 gratiam,
1686 508 1759 555 sed

376 582 598 633 frenatur3
624 580 867 643 probabilis
891 590 952 625 est
970 580 1016 625 in
1040 596 1191 639 genere
1208 596 1283 625 suo
1307 590 1348 624 et
1370 580 1414 624 in
1438 579 1568 624 modo
1587 595 1663 624 suo
1681 613 1691 632 ‚
1717 589 1759 624 et

378 653 476 698 solis
510 661 739 696 accusatur
773 651 1025 696 excessibus.
1065 672 1086 692 »
1124 651 1233 695 Haec
1261 650 1436 707 dicens,
1462 667 1551 694 non
1574 647 1757 694 attendis

377 725 611 780 conjugum
645 721 975 767 conventionem
1001 737 1130 766 causa
1155 720 1386 779 generandi
1409 757 1419 775 ‚
1462 719 1559 765 ideo
1590 719 1757 764 bonum

376 809 461 839 esse
484 791 703 836 laudabile
719 828 729 846 ‚
755 792 856 853 quia
874 809 922 836 eo
948 791 1068 835 limes
1086 791 1330 852 praefigitur
1353 790 1498 835 licitus
1519 789 1630 835 malo
1655 806 1756 834 con-

379 860 647 924 cupiscendi.
681 861 770 904 Cur
795 862 909 905 enim
940 877 1029 905 non
1058 860 1202 922 potius
1229 859 1391 905 malum
1415 870 1609 915 vocetur,
1637 859 1757 921 quod

373 932 518 978 fateris
568 947 653 975 esse
700 929 993 976 frenandum?
1035 930 1126 975 Cur
1161 947 1308 993 quaeso
1342 930 1632 985 frenandum,
1675 929 1757 974 nisi
1817 922 1829 990 J

333 1032 335 1034 -
374 1021 428 1048 116
467 1004 652 1046 noceat?
696 1001 778 1045 nisi
821 1019 874 1046 ne
909 1000 962 1045 ad
1004 999 1156 1046 illicita
1189 1018 1289 1063 quae
1339 1000 1551 1046 desiderat
1593 999 1757 1045 16111116-
1817 996 1821 1022 ²

373 1076 476 1118 tur?
507 1072 562 1116 Et
582 1072 731 1134 utique
756 1071 1021 1117 desiderium
1055 1071 1159 1116 mali
1192 1071 1357 1116 malum
1382 1082 1443 1116 est
1462 1108 1473 1127 ,
1497 1071 1624 1116 etiam
1654 1070 1688 1115 si
1718 1070 1755 1115 ei

369 1161 461 1189 non
484 1143 794 1197 consentiatur,
817 1142 956 1187 donec
982 1159 1031 1186 eo
1052 1143 1274 1188 veniamus
1306 1143 1382 1188 ubi
1415 1159 1494 1188 nec
1518 1141 1747 1186 habeatur.

369 1216 468 1260 Non
497 1213 630 1273 igitur
660 1212 767 1275 quid
804 1213 910 1259 boni
935 1214 985 1258 de
1007 1213 1362 1276 concupiscentia
1386 1213 1526 1258 carnis
1548 1213 1624 1257 fiat
1642 1248 1652 1267 ‚
1681 1210 1755 1257 sed

366 1287 461 1349 ipsa
489 1284 596 1347 quid
626 1283 728 1328 mali
765 1283 926 1340 faciat,
962 1284 1243 1344 cogitandum
1277 1296 1352 1330 est.
1396 1285 1505 1328 Nam
1538 1282 1754 1345 pudicitia

370 1353 608 1413 conjugalis
642 1353 884 1399 inhiantem
904 1354 1302 1417 concupiscentiam
1321 1354 1406 1400 sive
1426 1353 1479 1398 de
1494 1353 1646 1398 illicito
1667 1353 1753 1399 sive

370 1425 423 1471 de
446 1424 566 1469 licito
595 1424 818 1487 percipere
842 1424 1114 1487 voluptatem
1133 1461 1143 1478 ‚
1179 1424 1320 1471 frenat
1351 1424 1406 1469 ab
1438 1423 1590 1469 illicito
1610 1461 1620 1477 ,
1648 1440 1752 1486 per-

366 1495 502 1540 mittit
530 1493 583 1538 ad
600 1493 769 1539 licitum
793 1511 802 1538 :
825 1494 911 1539 1106
931 1506 992 1540 651
1011 1532 1021 1551 ,
1052 1495 1219 1540 bonum
1234 1531 1244 1550 ‚
1272 1511 1358 1539 non
1380 1505 1522 1538 tamen
1539 1497 1627 1552 eJ'us
1645 1529 1656 1548 ‚
1678 1492 1752 1538 sed
1812 1506 1815 1514 ¹

364 1565 476 1610 bene
501 1564 658 1609 utentis
677 1564 844 1609 bonum
866 1576 941 1611 est.
968 1565 1100 1622 Quod
1120 1576 1261 1610 autem
1280 1565 1373 1628 ipsa
1391 1563 1750 1626 concupiscentia

363 1636 496 1690 facit,
524 1635 610 1680 sive
635 1634 689 1680 ad
713 1635 882 1680 licitum
916 1638 1002 1681 sive
1032 1636 1086 1681 ad
1115 1636 1318 1681 illicitum
1353 1635 1645 1680 indifferenter
1677 1652 1751 1679 ar·-

365 1705 560 1761 descere,
588 1705 738 1767 utique
762 1705 926 1750 malum
947 1717 1021 1752 est.
1051 1707 1145 1750 Hoc
1164 1706 1310 1768 itaque
1334 1704 1448 1749 malo
1476 1705 1587 1749 bene
1612 1703 1750 1749 utitur
1806 1731 1809 1762 2

362 1775 580 1839 pudicitia
603 1775 841 1834 conjugalis
858 1813 869 1831 ‚
892 1776 1045 1821 111611115
1069 1793 1155 1821 11011
1174 1776 1311 1821 utitur
1334 1775 1599 1820 continentia
1618 1774 1750 1833 virgi-
1806 1767 1808 1793 ἱ
1840 1832 1843 1834 q

364 1847 486 1893 nalis.

428 1917 552 1963 vill.
595 1937 614 1957 «
636 1916 681 1961 Si
702 1927 870 1978 posset,
893 1917 1038 1980 inquis
1055 1954 1065 1973 ,
1090 1918 1208 1963 calor
1242 1915 1438 1977 genitalis
1471 1915 1635 1961 malum
1660 1932 1747 1961 esse
1802 1910 1805 1918 ’

363 1987 634 2042 naturaiiter,
660 1987 941 2050 extirpandus
966 1998 1057 2032 crat
1076 2024 1085 2042 ‚
1106 2005 1194 2033 non
1227 1986 1567 2050 componendus.
1594 2008 1614 2027 >³
1638 1985 1746 2031 Vide

363 2056 735 2121 quemadmodum
766 2057 941 2102 noluisti
983 2057 1125 2102 dicere
1146 2095 1156 2113 ‚
1203 2056 1323 2121 quod
1360 2073 1490 2119 supra
1538 2055 1701 2100 dixeras
1730 2092 1741 2111 ‚

364 2149 384 2169 α
405 2126 656 2172 Frenandus
677 2147 687 2180 ;
708 2148 726 2168 n
760 2127 832 2172 sed
868 2126 1084 2183 maluisti,
1113 2149 1132 2168 «
1150 2126 1503 2190 Componendus.
1527 2148 1545 2166 υ
1569 2124 1746 2170 Sensisti

363 2198 476 2243 enim
496 2197 615 2260 quod
633 2214 732 2242 611111
754 2214 879 2242 1161110
896 2197 1100 2253 frenaret,
1121 2199 1201 2244 nisi
1220 2199 1297 2262 qui
1317 2206 1576 2260 repugnaret
1596 2213 1605 2240 :
1627 2206 1668 2241 et
1686 2196 1744 2240 011

361 2268 449 2312 1106
473 2280 639 2312 mutato
677 2267 837 2322 verbo,
868 2268 1020 2313 timore
1046 2268 1141 2330 ipso
1172 2268 1306 2313 fassus
1337 2285 1379 2312 es
1412 2265 1600 2319 malum,
1624 2265 1766 2328 quod.
1840 2328 1843 2344 Α

360 2348 575 2400 repugnat
616 2337 749 2383 bono.
795 2338 1001 2400 Appeilas
1025 2339 1151 2383 etiam
1174 2360 1193 2379 α
1213 2338 1411 2383 Calorem
1438 2335 1669 2395 genitalem
1687 2373 1698 2391 ,
1721 2357 1742 2377 »

361 2408 462 2471 quia
481 2406 616 2469 pudet
634 2407 851 2469 appellare
871 2407 1098 2453 libidinem
1116 2445 1128 2463 ,
1156 2408 1268 2461 sive,
1301 2408 1414 2452 sicut
1444 2423 1536 2451 eam
1569 2405 1742 2451 divinus

360 2494 498 2523 sermo
532 2476 751 2540 appellare
779 2478 1028 2534 consuevit,
1057 2478 1198 2523 carnis
1225 2475 1639 2539 concupiscentiam.
1669 2474 1741 2520 Sic

361 2565 460 2608 ergo
484 2547 660 2609 loquere
683 2557 726 2592 61
742 2547 814 2593 dic
836 2567 847 2601 ;
870 2547 915 2592 Si
933 2559 1076 2610 posset
1097 2549 1235 2594 carnis
1253 2545 1608 2609 concupiscentia
1626 2545 1739 2590 mala
1787 2603 1788 2607 Ἰ
1842 2558 1843 2561 ’

360 2636 445 2665 6556
461 2617 732 2675 naturaliter,
762 2618 1014 2682 extirpanda
1047 2630 1161 2677 erat,
1191 2635 1280 2665 non
1309 2615 1623 2681 componenda.
1667 2614 1738 2661 Sic

1766 2972 1778 3190 Q&—
1769 2921 1776 2969 ——-.
