1843 3190
321 301 449 331 mena
485 302 539 330 DE
576 302 737 333 enarra
770 304 824 332 ET
858 291 1019 334 thRo
1058 304 1288 336 Anmrnio.
1395 294 1487 354 [477

126 376 251 420 sunt;
274 383 374 429 quae
402 384 489 412 nou
513 379 695 413 coronat
721 370 864 414 Deus:
892 369 924 414 si
949 379 1088 415 autem
1115 370 1229 416 bona
1252 382 1351 416 sunt
1369 408 1380 427 ‚
1409 373 1489 417 Dei

125 433 239 480 dona
256 447 378 491 sunt3
406 436 508 499 quia
534 437 643 482 sicut
672 437 779 483 dicit
811 438 1030 501 apostolus
1060 440 1274 495 Jacobus,
1313 441 1490 486 «Omne

124 505 307 551 »datum
335 509 548 570 optimum
578 519 620 553 et
645 526 771 554 omne
794 508 958 554 donum
986 509 1225 571 perfectum
1249 511 1301 555 (le
1318 528 1485 556 sursum

124 576 505 630 »esudescendens
528 596 550 623 a
572 579 698 623 Patre
722 577 1012 624 luminum1.»
1030 579 1154 624 Unde
1170 580 1277 625 dicit
1293 591 1333 625 et
1357 581 1488 626 Joan-

120 661 194 690 nes
210 663 456 708 praecursor
468 647 643 693 Domini
659 685 670 703 ‚
693 669 714 689 «
735 649 831 693 Non
855 658 996 710 potest
1011 648 1142 693 homo
1155 650 1348 712 accipere
1359 651 1486 714 quid·

120 735 142 757 »
156 732 305 778 quam,
333 718 413 762 nisi
434 717 564 763 suerit
585 719 620 763 ei
636 718 784 764 datum
806 718 858 763 de
878 718 991 764 coelo
1005 719 1022 747 2
1048 736 1096 763 :»
1116 719 1263 782 utique
1281 720 1334 764 de
1351 721 1482 776 coelo,

119 786 236 832 unde
251 788 379 832 etiam
399 790 515 833 venit
536 788 723 852 Spiritus
746 800 920 834 sanctus
941 826 951 842 ,
976 788 1151 851 quando
1180 793 1298 834 Jesus
1335 807 1485 835 ascen-

117 854 182 901 dit
205 857 250 902 in
273 857 428 912 altum,
457 859 694 921 captivavit
716 859 1009 923 captivitatem
1025 896 1036 914 ‚
1059 858 1180 904 dedit
1200 859 1313 904 dona
1333 859 1483 904 homi-

115 926 289 974 nibusss.
319 928 362 973 Si
377 946 475 988 ergo
503 930 579 974 Dei
597 929 712 975 dona
736 940 836 975 sunt
856 930 970 974 bona
991 929 1140 974 merita
1162 939 1253 983 tua,
1277 946 1359 974 non
1373 931 1483 975 Deus

115 1007 295 1042 coronat
331 999 481 1045 merita
515 1010 585 1045 tua
623 1010 830 1064 tanquam
855 999 1005 1045 merita
1038 1009 1110 1044 tua
1131 1036 1142 1054 ,
1170 998 1243 1045 sed
1275 1009 1483 1062 tanquam

113 1065 228 1112 dona
253 1084 344 1115 sua.

176 1139 294 1186 XVI.
325 1140 516 1187 Proinde
531 1141 950 1204 consideremusipsa
975 1140 1125 1186 merita
1140 1140 1318 1204 apostoli
1335 1141 1478 1197 Pauli,

111 1208 273 1270 quibus
310 1209 418 1255 dixit
441 1228 645 1256 coronam
674 1211 856 1271 justitiae
879 1211 1151 1256 redditurum
1170 1206 1362 1270 judicem
1383 1215 1481 1270 jus-

110 1287 202 1324 tum
222 1316 233 1334 ,
256 1291 298 1325 et
321 1280 541 1327 videamus
572 1292 717 1327 utrum
744 1280 893 1326 merita
919 1280 1055 1343 ipsius
1074 1290 1282 1343 tauquam
1316 1282 1448 1344 ipsius
1468 1318 1478 1336 ‚

108 1348 154 1394 id
178 1361 266 1406 est,
295 1368 343 1396 ex
371 1352 465 1414 ipso
490 1352 555 1397 illi
589 1362 841 1415 comparata
860 1388 870 1405 ‚
906 1369 960 1396 an
985 1351 1098 1397 dona
1122 1352 1207 1396 sint
1233 1352 1325 1397 Dei.
1351 1373 1370 1392 α
1389 1352 1480 1395 Bo-

109 1437 250 1466 ›.›num
267 1458 279 1478 ‚
302 1422 470 1485 inquit,
499 1433 713 1468 certarnen
727 1422 892 1468 certavi
909 1458 920 1477 ,
942 1439 1115 1467 cursum
1151 1423 1445 1467 consummavi
1467 1459 1477 1477 ‚

107 1491 271 1537 »fidem
291 1492 530 1540 servavil‘.»
549 1493 699 1538 Primo
721 1493 799 1538 ista
823 1492 939 1537 bona
960 1509 1107 1555 opera,
1133 1492 1166 1537 si
1191 1509 1278 1536 non
1293 1509 1340 1536 ea
1359 1509 1479 1554 prae-

107 1562 323 1608 cessissent
343 1564 621 1623 cogitationes
642 1564 791 1619 bonae,
813 1562 933 1608 nulla
957 1573 1105 1608 essent.
1142 1561 1362 1607 Attendite
1388 1563 1474 1607 ita-

105 1649 190 1696 que
213 1634 319 1696 quid
341 1634 394 1679 de
414 1635 518 1698 ipsis
545 1633 886 1693 cogitationibus
903 1633 1022 1678 dicat
1047 1650 1057 1677 :
1079 1633 1137 1678 ait
1155 1633 1269 1677 enim
1287 1633 1478 1677 scribens

106 1701 162 1747 ad
181 1704 454 1759 Corinthios,
478 1726 498 1746 «
520 1705 618 1749 Non
641 1703 742 1766 quia
759 1704 904 1749 idonei
928 1719 1078 1748 sumus
1099 1703 1286 1762 cogitare
1310 1701 1477 1765 aliquid

105 1795 127 1816 >2
143 1793 165 1820 a
185 1775 328 1829 nohis,
356 1785 558 1838 tanquam
586 1792 631 1820 ex
659 1773 977 1836 nobismetipsis
997 1794 1006 1827 3
1026 1772 1098 1818 sed
1113 1772 1363 1818 sufficientia
1384 1790 1479 1818 nos-

105 1865 126 1886 »
141 1854 205 1891 tra
219 1863 267 1890 ex
290 1846 382 1892 Deo
403 1846 505 1892 est5.
519 1868 537 1887 >³
554 1844 719 1890 Deinde
738 1844 1197 1906 singulainspiciamus
1217 1861 1227 1888 :
1253 1844 1473 1897 «Bonum,

108 1936 129 1957 >³
144 1915 308 1978 inquit,
340 1927 558 1961 certamen
579 1915 783 1961 certavi.»
808 1916 970 1970 Quaero
994 1930 1080 1975 qua
1095 1913 1254 1958 virtute
1280 1924 1474 1958 certave-

107 1985 182 2040 rit,
211 1996 356 2031 utrum
378 2002 476 2048 quae
497 1985 559 2030 illi
583 2001 630 2030 ex
650 1985 875 2047 semetipso
900 1982 1051 2037 fuerit,
1075 2001 1129 2028 an
1153 2000 1251 2045 quae
1272 1982 1325 2027 de
1348 1999 1476 2044 super

108 2054 209 2100 data
243 2057 324 2101 sit?
348 2056 433 2101 Sed
472 2056 583 2101 absit
612 2066 660 2100 ut
697 2066 839 2100 tantus
868 2054 1023 2099 doctor
1050 2053 1309 2112 ignoraverit
1342 2052 1475 2111 legem

108 2123 207 2180 Dei,
233 2129 356 2184 cujus
379 2142 459 2171 vox
484 2125 604 2170 estin
627 2124 965 2170 Deuteronomio
989 2141 999 2167 ε
1028 2143 1048 2163 «
1065 2122 1127 2166 Ne
1144 2121 1263 2166 dicas
1283 2122 1328 2167 in
1347 2121 1477 2167 corde

107 2218 123 2236 »
141 2206 239 2241 tuo:
259 2195 486 2241 Fortitudo
504 2212 597 2240 mea
616 2195 860 2258 etpotentia
873 2208 1139 2238 manusmeae
1153 2190 1253 2236 fecit
1269 2192 1377 2236 mihi
1391 2193 1478 2236 vir-

108 2288 130 2310 »
149 2277 281 2312 tutem
300 2283 500 2326 magnam
519 2266 657 2321 hanc3
673 2265 744 2310 sed
765 2262 1068 2309 memoraberis
1083 2261 1260 2306 Domini
1286 2261 1361 2305 Dei
1384 2262 1471 2315 tui,

109 2358 130 2380 ›>
150 2338 252 2401 quia
276 2338 367 2400 ipse
380 2336 460 2381 tibi
486 2336 559 2381 dat
582 2335 884 2381 fortitudinem
908 2333 1047 2378 facere
1069 2331 1345 2378 virtutemss.»
1361 2330 1479 2387 Quid

111 2419 256 2453 autem
285 2407 464 2470 prodest
483 2406 650 2451 bonum
671 2417 884 2451 certamen
904 2441 915 2459 ‚
938 2402 1017 2448 nisi
1038 2412 1240 2464 sequetur
1263 2401 1476 2447 victoria?

110 2478 167 2524 Et
188 2478 284 2541 quis
305 2477 380 2523 dat
390 2477 634 2533 victoriam,
652 2476 733 2521 nisi
751 2474 822 2521 ille
839 2474 892 2520 de
915 2490 1002 2537 quo
1023 2471 1129 2517 dicit
1145 2471 1236 2534 ipse
1257 2471 1477 2517 :«Gratias

160 2577 169 2598 ¹
185 2577 298 2610 Jacob.
319 2589 347 2616 1,
369 2589 423 2617 ¹7·
446 2593 492 2600 -——
507 2574 522 2597 2
537 2579 630 2608 Joan.
656 2587 708 2615 ιιι,
723 2587 780 2616 ²7·
796 2592 842 2600 -
860 2572 874 2597 3
892 2572 973 2607 Psal.
987 2584 1092 2614 mun,
1119 2583 1172 2613 19,
1189 2578 1221 2604 et
1235 2571 1353 2616 Ephes.
1373 2583 1419 2611 zv,
1442 2574 1474 2604 8.

108 2651 155 2659 -
172 2632 186 2658 ⁴
201 2645 219 2666 2
238 2633 321 2666 Tim.
340 2643 385 2673 w,
402 2645 433 2674 7.
452 2649 496 2657 —-
510 2630 553 2665 ⁵2
571 2632 643 2666 Cor.
661 2641 713 2675 ιιι,
738 2634 771 2668 5,
792 2650 833 2656 —
853 2628 868 2652 ⁶
886 2633 983 2663 Deut.
1003 2640 1077 2667 vm,
1102 2639 1154 2667 17.
