1843 3190
341 220 435 278 314
761 237 797 266 s.
839 235 1086 271 mensum
1122 235 1326 272 muscum

342 299 521 351 omnino
544 297 783 359 didicisseS,
803 316 937 363 quam
956 318 1034 364 per
1061 302 1186 348 istam
1206 301 1327 349 velut
1349 302 1572 352 scientiam
1589 301 1714 363 legis,

339 371 386 420 in
405 388 492 434 qua
511 381 552 417 te
578 370 774 431 turgidus
790 374 947 430 jactas,
990 389 1079 417 non
1103 389 1206 422 sane
1240 372 1351 422 (luce
1371 374 1451 420 Dei
1480 374 1572 434 lege
1587 411 1599 430 ‚
1645 373 1719 423 sed

342 453 481 489 vestra
499 443 646 504 potius
669 440 880 497 vanitate,
912 440 968 488 ad
999 441 1309 506 hancimpiam
1331 438 1722 508 praesumptionem

341 511 564 557 inimicam
582 511 685 559 fidei
709 511 972 559 Christianae
993 522 1035 558 et
1054 522 1142 558 tuae
1155 512 1313 559 animae
1330 515 1604 576 pervenisses.

409 583 493 631 ΠΙ.
524 581 804 639 «Sententia,
825 582 971 646 inquis
987 619 1000 638 ‚
1034 593 1176 629 vestra
1204 593 1294 629 tam
1318 584 1526 634 deformis
1547 594 1590 631 et
1611 600 1724 633 vana

344 669 423 713 est,
445 674 545 721 quae
565 669 607 704 et
628 659 718 704 Deo
732 657 1024 721 iniquitatem,
1049 668 1091 707 et
1116 658 1295 706 diabolo
1320 659 1616 705 conditionem
1636 659 1726 704 ho·-

344 729 538 784 minum,
570 738 612 773 et
642 739 825 791 peccato
860 729 1175 782 substantiam,
1213 740 1256 775 et
1286 730 1600 776 conscientiam
1636 730 1726 774 sine

350 798 529 848 scientia
564 798 758 861 parvulis
791 808 976 844 conatur
1010 798 1239 845 ascribere.
1268 819 1288 840 >2
1312 799 1506 845 Breviter
1542 815 1727 861 respon-

349 868 431 917 deo
453 886 464 914 t
487 868 708 914 Sententia
731 879 877 915 nostra
897 885 978 914 nec
1003 867 1209 917 deformis
1230 879 1318 925 est,
1359 869 1463 932 quia
1485 869 1730 933 speciosum

349 939 489 992 forma
523 955 618 1002 prae
636 938 736 990 filiis
757 939 989 989 hominum
1013 938 1269 987 salvatorem
1292 939 1506 1003 praedicat
1527 938 1726 985 omnium

351 1009 583 1058 hominum
595 1008 633 1065 4,
655 1025 705 1055 ac
719 1026 797 1072 per
818 1009 905 1059 hoc
925 1008 1056 1059 etiam
1068 1009 1354 1073 parvulorum
1379 1027 1389 1055 :
1415 1026 1494 1056 nec
1511 1025 1624 1056 vana
1641 1019 1729 1064 est;

353 1096 456 1143 quae
480 1097 568 1132 non
585 1079 744 1131 frustra
756 1117 767 1136 ,
797 1079 869 1126 sed
888 1080 1160 1143 praecedente
1176 1091 1363 1143 peccato.
1384 1079 1492 1126 dicit
1507 1079 1733 1131 hominem

353 1149 533 1203 vanitati
559 1150 740 1196 similem
781 1150 966 1205 factum,
1004 1154 1129 1210 cujus
1150 1150 1241 1197 dies
1274 1150 1387 1197 sicut
1414 1150 1573 1195 umbra
1611 1165 1732 1212 prae-

362 1230 531 1265 tereunt
547 1219 596 1266 2?
616 1237 696 1265 nec
714 1221 806 1266 Deo
821 1220 999 1270 ascribit
1021 1220 1317 1284 iniquitatem,
1336 1219 1410 1267 sed
1424 1220 1572 1283 potius
1593 1218 1728 1282 aequi·

357 1301 514 1343 tatem3
536 1290 640 1353 quia
660 1308 748 1336 non
762 1291 919 1350 injuste
940 1300 1003 1340 tot
1021 1300 1063 1336 et
1077 1290 1207 1340 tantis,
1220 1290 1359 1346 maliS,
1381 1306 1480 1352 quae
1499 1288 1734 1352 saepissime

358 1360 590 1414 cernimus,
608 1360 736 1406 etiam
755 1360 965 1423 parvulus
984 1359 1218 1423 plectitur:
1238 1377 1293 1408 ne
1315 1359 1493 1407 diabolo
1516 1358 1737 1404 conditio.-

359 1447 459 1476 nem
495 1430 753 1487 hominum,
791 1430 865 1476 sed
904 1430 1111 1481 humanae
1135 1430 1323 1508 originis·
1351 1429 1734 1497 depravationem3

361 1517 441 1551 nec
463 1511 642 1564 peccato
666 1501 979 1556 substantiam,
1011 1500 1123 1547 sed
1112 1518 1159 1551 111
1193 1500 1349 1564 primis
1371 1500 1630 1548 hominibus
1665 1516 1740 1544 ac-

363 1582 482 1623 tum,
502 1571 547 1616 in
570 1588 722 1619 eorum
750 1588 852 1617 velo
873 1571 1123 1650 posteritate
1144 1571 1431 1631 contagium:
1454 1587 1535 1617 nec
1548 1568 1743 1634 parvulis

364 1641 675 1689 conscientiam
695 1641 785 1687 sine
800 1642 1001 1697 seientia,
1025 1643 1072 1693 in
1094 1642 1258 1704 quibus
1278 1657 1357 1691 nec
1377 1640 1553 1688 scientia
1566 1650 1645 1690 est,
1662 1655 1743 1684 nec

365 1711 654 1766 conscientia3
681 1711 754 1758 sed
777 1712 900 1759 scivit
919 1712 993 1763 ille
1010 1712 1118 1775 quid
1139 1711 1288 1758 fecerit
1302 1712 1348 1757 in
1373 1727 1461 1774 quo
1476 1727 1625 1760 omnes
1642 1725 1744 1773 pec-.

366 1792 592 1836 caverunt,
615 1792 656 1828 et
680 1782 840 1842 singuli
860 1783 1025 1828 malum
1042 1781 1145 1828 inde
1163 1792 1399 1831 traxerunt.

433 1851 509 1898 IV.
550 1853 618 1897 Tu
642 1864 786 1904 autem
804 1853 880 1915 qui
898 1851 1223 1904 multitudinem
1240 1851 1466 1915 praestruis
1484 1849 1743 1905 idiotarum,

369 1938 478 1985 quos
508 1921 700 1985 appellas
726 1943 746 1964 α
770 1922 1022 1985 Simplices,
1059 1922 1136 1985 qui
1173 1922 1267 1974 aliis
1302 1921 1509 1984 occupati
1538 1919 1744 1980 negotiis,

369 1991 482 2040 nihil
505 1991 558 2037 de
581 1992 824 2043 eruditione
846 2002 1081 2055 ceperunt,
1110 1991 1200 2038 sola
1230 2002 1373 2043 tamen
1397 1991 1484 2041 fide
1510 1990 1567 2039 ad
1591 1988 1750 2037 Eccle-

370 2061 478 2109 siam
492 2061 657 2108 Christi
679 2062 904 2126 pervenire
924 2073 1160 2119 curarunt,
1178 2079 1232 2108 ne
1249 2062 1376 2113 facile
1395 2060 1593 2110 obscuris
1611 2076 1752 2123 quaes-

370 2132 565 2194 tionibus
588 2143 847 2190 terreantur,
874 2133 946 2187 sed¹
965 2133 1186 2185 credentes
1208 2135 1351 2184 Deum
1372 2149 1526 2182 verum
1542 2130 1748 2178 condito-.-

372 2220 463 2255 rem
485 2220 571 2249 esse
604 2204 862 2261 hominum,
900 2203 1203 2253 indubitanter
1232 2220 1406 2267 quoque
1442 2211 1614 2251 teneant
1644 2199 1750 2263 quia
1785 2260 1792 2268 .

375 2273 474 2337 pius
490 2284 575 2330 est,
602 2274 706 2338 quia
728 2292 854 2327 verax
870 2312 881 2328 ‚
906 2275 1011 2339 quia
1023 2278 1193 2335 justus3
1213 2285 1343 2338 atque
1357 2274 1474 2322 hanc
1493 2271 1753 2320 aestimatioe

376 2360 475 2389 nem
499 2342 552 2390 de
574 2343 648 2396 illa
670 2345 881 2396 Trinitate
898 2355 1138 2401 servantes,
1167 2343 1391 2408 quidquid
1405 2341 1623 2394 audierint
1642 2339 1751 2390 huic

377 2413 606 2473 convenire
639 2416 890 2472 sententiae,
932 2412 1232 2478 amplexentur
1247 2450 1259 2469 ‚
1292 2423 1422 2476 atque
1458 2409 1709 2465 collaudent
1737 2426 1750 2455 =

377 2499 459 2548 nec
472 2482 560 2541 hoc
582 2483 641 2544 eis
663 2484 753 2539 ulla
773 2486 838 2541 vis
854 2484 1242 2549 argumentationis
1253 2483 1433 2539 evellat,
1449 2481 1525 2534 sed
1547 2480 1756 2540 detesten-

427 2565 440 2588 ¹
454 2565 540 2613 Bsat,
554 2576 643 2611 141111,
657 2568 689 2599 3.
709 2583 754 2591 —
769 2564 787 2596 2
802 2566 850 2608 Id,
864 2577 979 2615 cxnrrx,
998 2572 1030 2606 4.
