1843 3190
355 292 417 338 88
777 305 812 335 s,
856 304 1100 335 Auensrml
1133 304 1339 335 Erlscorl

354 369 408 416 de
438 368 604 432 nuptiis
621 378 663 414 et
680 368 1032 430 concupiscentia
1063 367 1227 413 librum
1257 366 1489 413 scriberem
1511 386 1522 413 :
1546 370 1728 431 nuptia—

351 456 448 485 rum
474 438 638 484 scilicet
660 439 828 484 bonum
852 437 1096 483 discernens
1121 438 1176 482 ab
1202 455 1250 483 eo
1274 437 1387 483 malo
1401 438 1516 483 unde
1535 439 1728 485 trahitur

355 508 563 568 originale
582 519 827 571 peccatum.
856 509 925 553 Tu
949 518 1093 554 autem
1117 507 1224 553 dicis
1247 508 1421 572 nuptias
1442 508 1531 553 sine
1553 508 1728 554 dubita-

349 580 468 624 tione
503 578 728 634 damnari,
758 578 840 623 nisi
859 577 973 641 quod
1001 595 1049 623 ex
1068 578 1125 622 eis
1149 579 1358 635 nascitur,
1383 579 1439 623 ab
1462 579 1581 623 omni
1604 579 1659 624 sit
1678 578 1729 624 li-

347 650 505 695 berum
533 649 796 708 obligatione
812 650 982 712 peccati
1006 667 1016 694 :
1042 660 1225 712 propter
1248 649 1367 712 quod
1390 649 1515 695 libris
1535 660 1726 713 quatuor

348 731 388 765 te
403 737 540 765 unum
566 737 707 764 meum
725 719 929 764 refutasse
950 719 1157 779 gloriaris.
1180 721 1232 764 In
1250 720 1412 783 quibus
1434 719 1558 764 libris
1580 721 1727 765 volens

346 790 547 835 homines
569 800 756 835 avertere
777 807 799 834 a
819 789 905 834 fide
924 788 1141 834 catholica
1158 789 1463 834 fundatissima
1479 826 1490 840 ,
1509 799 1551 833 et
1575 788 1627 834 ad
1646 806 1726 834 no-

346 862 522 905 vitatem
544 860 674 904 vestri
702 859 856 904 erroris
881 858 1097 903 adducere
1114 895 1125 913 ,
1162 875 1275 921 saepe
1305 859 1465 903 incutis
1491 858 1726 917 legentium

347 930 542 975 sensibus
582 928 841 974 Manichaeae
872 928 1002 991 pestis
1026 928 1250 972 horrorem
1273 946 1284 972 :
1312 928 1434 990 quasi
1462 928 1626 972 malum
1650 945 1726 972 na-

349 999 485 1045 turale
509 1016 612 1045 cum
637 999 898 1043 Manichaeis
923 999 1088 1061 sapiat,
1114 998 1190 1061 qui
1222 998 1330 1043 dicit
1361 997 1548 1042 infantes
1568 1016 1726 1043 secun-

347 1070 455 1115 dum
483 1069 621 1115 Adam
648 1069 878 1114 carnaliter
898 1079 1044 1122 natos,
1079 1068 1330 1127 contagium
1361 1068 1510 1112 mortis
1534 1068 1726 1130 antiquae

345 1140 487 1204 prima
509 1139 735 1184 nativitate
754 1138 1010 1184 contrahere
1025 1175 1035 1194 ‚
1060 1148 1102 1182 et
1122 1139 1179 1182 ob
1195 1138 1280 1182 hoc
1298 1136 1488 1182 secunda
1512 1136 1721 1195 indigere,

345 1221 395 1255 ut
418 1227 495 1272 per
530 1209 754 1254 lavacrum
793 1209 1123 1269 regenerationis
1151 1208 1271 1270 prius
1303 1207 1474 1270 peccati
1506 1206 1726 1266 originalis

344 1281 592 1326 remissione
611 1290 871 1342 purgentur,
899 1291 941 1324 et
959 1281 1003 1324 in
1025 1280 1103 1323 Dei
1123 1279 1235 1323 filios
1256 1277 1453 1340 adoptati
1473 1278 1518 1322 in
1542 1294 1722 1336 regnum

345 1351 566 1410 Unigeniti
589 1350 913 1397 transferantur.
936 1351 1032 1396 Hoc
1045 1350 1097 1395 de
1124 1349 1472 1394 Manichaeorum
1491 1348 1665 1393 nomine
1683 1357 1725 1392 et

346 1421 528 1467 crimine
552 1419 741 1465 faciebat
764 1421 892 1465 etiam
912 1421 935 1463 J
942 1420 1192 1473 ovinianus,
1216 1436 1373 1477 negans
1397 1418 1547 1463 Mariae
1564 1428 1724 1462 sanctae

341 1489 659 1549 virginitatem,
691 1506 792 1552 quae
821 1489 962 1534 fuerat
992 1489 1097 1534 dum
1133 1488 1406 1550 conciperet,
1442 1487 1723 1549 permansisse

345 1561 451 1606 dum
478 1570 649 1622 pareret
671 1577 681 1603 ε
704 1570 913 1622 tanquam
933 1559 1158 1604 Christum
1185 1574 1284 1602 cum
1309 1557 1564 1602 Manichaeis
1581 1557 1722 1620 phan-

343 1642 480 1676 tasma
505 1628 797 1684 crederemus,
821 1630 854 1674 si
887 1629 1034 1674 matris
1058 1628 1313 1689 incorrupta
1337 1627 1580 1686 virginitate
1599 1626 1722 1671 dice-

343 1717 487 1747 remus
511 1710 720 1745 exortum.
745 1699 829 1745 Sed
852 1700 898 1744 in
918 1699 1134 1758 adjutorio
1159 1697 1294 1760 ipsius
1327 1696 1585 1752 salvatoris,
1609 1697 1723 1741 sicut

344 1780 601 1834 spreverunt
625 1769 843 1814 Catholici
870 1769 989 1814 velut
1015 1767 1309 1813 acutissimum
1325 1766 1444 1829 quod
1463 1766 1722 1824 ¹Iovinianus

343 1850 561 1886 exeruerat
577 1849 878 1899 argumentum
896 1876 906 1895 ,
929 1849 971 1883 et
990 1855 1070 1883 nec
1093 1847 1286 1882 sanctam
1308 1836 1490 1881 Mariam
1509 1835 1719 1898 pariendo

339 1910 467 1956 fuisse
484 1921 734 1972 corruptam
754 1947 763 1965 ,
782 1926 861 1955 nec
888 1909 1124 1955 Dominum
1143 1907 1405 1970 phantasma
1426 1905 1555 1950 fuisse
1571 1906 1719 1951 credi—

342 1981 522 2035 derunt,
562 1980 635 2025 sed
661 1991 702 2025 ct
729 1979 850 2024 illam
870 1980 1080 2038 virginem
1105 1976 1308 2022 mansisse
1327 1986 1426 2038 post
1446 1985 1619 2037 partum
1638 2012 1648 2030 ‚
1677 1987 1720 2020 et

341 2070 389 2097 ex
419 2051 493 2096 illa
516 2061 661 2096 tamen
692 2067 843 2095 verum
868 2049 1035 2096 Christi
1069 2063 1228 2110 corpus
1251 2057 1445 2091 exortum
1475 2063 1485 2089 :
1511 2046 1570 2090 sic
1595 2062 1720 2108 sper-

341 2133 447 2168 nent
469 2131 610 2166 vestra
634 2119 901 2165 calumniosa
918 2118 1189 2181 vaniloquia,
1221 2128 1270 2162 ut
1288 2133 1429 2180 neque
1450 2133 1550 2161 cum
1576 2117 1718 2161 Mani,

342 2191 477 2238 chaeis
500 2200 693 2235 astruant
728 2190 833 2235 mali
867 2188 1062 2235 naturale
1079 2186 1377 2251 principium,
1406 2195 1448 2230 et
1476 2185 1717 2231 secundum

341 2263 568 2323 antiquam
590 2272 632 2305 et
654 2278 801 2306 veram
826 2261 1092 2306 catholicam
1115 2257 1247 2304 fidem
1276 2256 1397 2302 nullo
1422 2255 1553 2300 modo
1577 2255 1716 2301 dubi-

339 2342 433 2378 tent
461 2331 687 2375 Christum
711 2334 757 2374 in
781 2329 1032 2375 evacuando
1054 2326 1351 2389 chirographo
1376 2325 1549 2388 paterni
1578 2325 1717 2372 debiti

337 2403 618 2449 liberatorem
635 2399 809 2445 credere
828 2400 1127 2462 parvulorum.

403 2473 454 2518 V.
495 2470 579 2516 Sed
597 2481 643 2515 tu
670 2470 746 2532 qui
768 2481 852 2515 tam
868 2471 1022 2516 crebro
1039 2467 1167 2513 nobis
1186 2465 1534 2511 Manichaeorum
1556 2483 1716 2511 nomen

335 2541 523 2607 opponis
539 2578 549 2597 ‚
577 2557 685 2604 quos
710 2551 752 2585 et
775 2540 923 2603 quales
951 2542 1066 2585 viros
1088 2548 1129 2583 et
1151 2546 1335 2600 quantos
1356 2535 1456 2580 fidei
1481 2536 1712 2582 catholicae

335 2613 576 2660 defensores
599 2623 687 2657 tam
711 2610 937 2657 execrabili
962 2608 1263 2656 criminatione
1290 2616 1494 2670 appetere
1520 2606 1678 2653 audeas
1696 2643 1708 2663 ,
