1843 3190
261 413 436 444 CONTRA
471 411 697 444 JULIANUM
731 412 1039 454 PELAGIANUM,
1083 414 1173 445 LlB.
1217 417 1247 446 Ι.
1363 419 1441 450 101

78 478 374 524 sanctificatur
393 516 404 535 ,
426 477 599 524 virtutis
615 478 824 533 efficitur,
851 489 892 524 et
913 478 973 524 ita
998 480 1300 526 communicat
1319 481 1455 527 virtus

78 549 249 611 corpori
266 565 511 612 corpusque
527 548 681 593 virtuti
697 586 707 603 ‚
727 565 805 610 per
824 566 956 612 quam
975 559 1016 593 et
1035 549 1249 612 templum
1273 550 1458 596 efficitur

79 619 187 680 Dei„
203 619 326 665 Unde
339 620 372 665 si
392 636 521 665 omne
540 637 701 682 corpus
718 619 1017 664 fornicationis
1036 630 1141 664 esset
1158 657 1168 673 ‚
1190 621 1458 683 impossibile

77 688 225 752 utique
246 700 335 734 erat
367 690 606 735 castitatem
644 690 689 735 in
720 690 980 753 corporibus
1018 690 1202 735 inveniri
1232 709 1243 736 ι
1276 702 1457 754 tumque

75 758 250 804 demum
273 769 444 805 naturae
470 776 705 823 corporum
734 776 954 823 possemus
979 759 1142 804 malum
1171 761 1453 807 substantiale

75 828 295 891 deputare.
323 830 368 875 Si
389 847 491 876 vero
515 848 651 894 usque
669 848 718 876 eo
737 830 934 893 corporis
952 830 1102 875 merita
1123 843 1425 893 processerunt
1441 870 1452 887 ‚

74 909 281 962 tantoque
314 900 480 945 honore
519 900 773 946 decoratum
811 912 874 945 est
890 938 901 956 ,
942 917 992 945 ac
1030 901 1112 946 tale
1146 901 1454 947 indumentum

70 968 298 1031 pudicitiae
324 971 537 1032 suscepit,
564 981 612 1015 ut
632 970 788 1016 domus
810 971 875 1015 sui
892 970 1068 1015 factoris
1089 987 1174 1015 esse
1195 983 1447 1027 mereretur,

12 1082 16 1087 ,
72 1055 121 1083 ac
138 1038 256 1083 fieret
274 1039 491 1084 thalamus
511 1041 610 1085 Filii
643 1041 722 1085 Dei
742 1077 752 1093 ‚
782 1050 830 1084 ut
864 1040 1078 1084 venientes
1098 1041 1227 1085 Pater
1251 1050 1294 1085 et
1317 1040 1450 1086 Filius

70 1107 387 1153 habitationem
413 1126 647 1172 corporum
684 1109 838 1169 eligere
870 1109 1155 1168 dignarentur
1185 1127 1196 1154 ε
1228 1110 1451 1173 quomodo

72 1195 159 1223 non
191 1179 439 1223 execrabilis
466 1191 506 1224 et
539 1179 747 1224 ridendus
790 1180 1026 1225 Manichaei
1053 1196 1190 1224 sermo
1221 1181 1452 1226 convinci-

71 1251 167 1293 tur?
187 1270 206 1289 υ
230 1248 349 1304 Quid
373 1250 517 1311 potuit
541 1249 630 1295 dici
656 1250 794 1295 verius
828 1260 869 1294 et
890 1250 1122 1295 catholicae
1146 1249 1305 1309 regulae
1337 1267 1450 1295 con—

72 1319 315 1378 gruentius?
336 1320 513 1365 Dictum
534 1331 595 1365 est
612 1321 724 1365 enim
747 1320 950 1365 adversus
968 1320 1238 1366 Manichaeos
1256 1357 1267 1375 ‚
1288 1330 1448 1383 putan-

71 1399 131 1433 tes
151 1399 278 1452 atque
296 1389 576 1446 affirmantes,
598 1391 650 1436 de
671 1401 794 1450 gente
814 1391 1090 1436 tenebrarum
1106 1428 1116 1446 ‚
1138 1407 1267 1454 quam
1288 1391 1447 1436 malam

26 1461 32 1486 ³
71 1469 270 1504 naturam
296 1460 452 1505 dicunt
473 1463 564 1505 Deo
588 1462 706 1506 bono
726 1472 985 1506 coaeternam
1008 1497 1017 1514 ‚
1048 1461 1209 1506 habere
1239 1461 1448 1520 originem

72 1547 276 1592 corpora,
305 1542 346 1575 et
364 1548 450 1575 esse
473 1532 601 1576 etiam
626 1533 720 1594 ipsa
747 1531 1043 1576 immutabilia
1074 1530 1183 1575 mala
1208 1548 1218 1574 :
1249 1548 1338 1575 non
1364 1531 1446 1576 ad-

36 1626 37 1656 3
70 1617 213 1645 versus
229 1617 300 1645 eos
313 1638 323 1655 ,
344 1601 418 1664 qui
441 1612 627 1647 tenentes
646 1619 790 1647 veram
810 1612 852 1646 et
874 1618 970 1646 vere
988 1601 1271 1646 christianam
1290 1601 1440 1655 fidem,

38 1695 39 1707 π
71 1687 186 1716 nunc
205 1671 383 1733 quidem
404 1671 692 1735 corruptibile
712 1688 798 1717 esse
816 1688 977 1734 corpus
991 1708 1001 1726 ‚
1031 1682 1073 1716 et
1093 1688 1325 1730 aggravare
1348 1672 1445 1716 ani-

71 1759 182 1786 mam
208 1742 526 1796 confitentur13
553 1742 625 1787 sed
643 1742 824 1788 nectale
849 1741 1052 1805 primitus
1070 1741 1295 1787 conditum
1319 1752 1446 1805 atque

69 1810 112 1857 in
134 1811 337 1873 paradiso
358 1812 645 1858 constitutum
662 1850 672 1867 ‚
700 1830 779 1858 nec
806 1812 889 1857 tale
917 1829 1086 1874 semper
1113 1810 1312 1857 futurum
1333 1849 1343 1868 ‚
1373 1812 1446 1857 secl

69 1881 394 1944 incorruptione
418 1893 546 1945 atque
574 1882 900 1928 immortalitate
936 1881 1222 1937 mutandum,
1253 1892 1294 1927 et
1325 1898 1445 1927 nunc

49 1955 154 2012 jam
173 1970 257 1998 esse
280 1953 471 2016 incipere
499 1954 713 2016 templum
744 1955 848 2005 Dei,
879 1952 1127 2012 conjugali,
1160 1952 1225 1997 vel
1250 1951 1440 2001 viduali,

68 2108 165 2138 caro
189 2094 463 2155 concupiscit
488 2094 692 2140 adversus
720 2094 978 2157 spiritum‘2‚
1012 2094 1073 2139 s'ic
1092 2104 1237 2138 tamen
1265 2093 1443 2155 spiritus

69 2163 337 2224 concupiscit
355 2164 554 2209 adversus
573 2181 764 2220 carnem,
787 2175 834 2208 ut
849 2167 928 2209 n'ec
946 2163 1082 2226 ipsius
1101 2163 1295 2225 corporis
1309 2179 1443 2207 mem-

100 2249 146 2277 ra
162 2232 361 2277 exhibeat
386 2233 628 2296 iniquitatis
647 2250 767 2278 arma
791 2244 974 2296 peccato
990 2233 1022 2279 3.

129 2303 295 2348 XVIII.
330 2303 415 2349 Sed
453 2303 556 2348 audi
585 2302 706 2366 quod
740 2303 794 2348 ad
829 2319 921 2348 'rem
956 2313 1213 2365 praesentem
1244 2312 1439 2364 spectat,

98 2372 169 2418 uid
188 2372 241 2418 de
262 2385 440 2436 peccato
468 2373 600 2437 primi
627 2373 817 2419 hominis
844 2373 899 2419 ad
934 2390 1012 2418 nos
1041 2372 1170 2418 etiam
1199 2372 1441 2435 pertinente

98 2442 182 2489 icat
205 2443 282 2488 iste
311 2455 483 2490 sanctus
509 2444 598 2489 sine
628 2443 716 2488 ulla
757 2443 1039 2503 ambiguitate
1068 2442 1266 2489 Basilius.
1307 2442 1441 2499 Quod

108 2513 140 2558 si
164 2514 303 2575 reperi
335 2514 696 2578 interpretatum,
724 2524 869 2559 tamen
903 2524 1085 2577 propter
1123 2513 1440 2573 diligentiorem

96 2582 155 2627 eri
170 2583 324 2639 fidem,
354 2585 538 2629 verbum
562 2601 583 2629 e
604 2583 738 2628 verbo
767 2584 902 2629 malui
921 2583 1150 2628 transferre
1182 2583 1234 2628 de
1261 2584 1430 2628 Graeco.

92 2668 121 2697 n
136 2669 328 2698 sermone
345 2653 398 2699 de
421 2653 594 2714 Jejunio
609 2690 620 2709 ,
649 2675 669 2694 «
689 2654 912 2714 Jejunium
929 2691 940 2710 ‚
968 2654 1138 2716 inquit,
1164 2653 1211 2698 in
1236 2652 1438 2716 paradiso

115 2734 126 2757 ¹
144 2737 215 2779 Sap.
234 2747 276 2776 ix,
296 2738 349 2771 15.
364 2736 552 2769 -2Galat.
567 2748 597 2775 v,
614 2734 753 2775 17.-—3
771 2740 866 2770 Rom.
887 2749 931 2776 vx,
955 2739 1009 2770 13.
