1843 3190
295 289 470 321 CONTRA
506 288 731 320 JULIANUM
766 287 1073 329 PELAGIANUM,
1112 290 1199 321 Lm,
1242 293 1281 322 v.
1379 278 1471 340 349

100 352 328 400 libidinem
349 356 439 403 fiat.
460 355 563 402 »Ibi
583 365 630 401 tu
651 354 884 401 exclamas:
905 375 925 396 «
949 354 989 401 Ο
1012 353 1197 401 altitudo
1221 356 1474 404 divitiarum

101 445 122 466 »
136 425 359 487 sapientiae
385 436 428 472 et
444 425 634 472 scientiae
652 425 732 471 Dei
755 424 792 482 1,
814 446 835 468 »
850 425 926 488 qui
937 436 1052 470 extra
1075 422 1266 472 futuram
1292 444 1474 490 operum

99 495 431 542 retributionem
454 514 501 542 ex
531 494 669 541 multa
684 506 806 558 parte
826 495 1016 541 liberum
1035 495 1263 542 arbitrium
1290 497 1473 545 formam

99 564 239 611 voluit
255 566 435 629 implere
448 564 622 625 judicii.
652 568 674 610 J
682 565 893 611 ustissime
914 564 1034 610 enim
1058 565 1285 613 sibibonus
1318 568 1470 628 homo,

97 634 269 697 inquis,
292 636 518 699 malusque
541 635 854 691 committitur,
893 645 942 680 ut
973 634 1115 681 bonus
1139 653 1181 681 se
1215 638 1404 697 fruatur,
1433 654 1474 688 et

100 703 240 750 malus
263 721 305 750 se
323 705 414 768 ipse
442 705 648 768 patiatur.
675 726 695 745 »
714 705 827 761 Quae
861 721 1037 767 prorsus
1061 705 1311 754 exclamatio
1331 719 1400 756 tua
1421 711 1474 757 ad

102 791 192 820 rem
213 791 303 821 non
318 775 534 839 pertinet,
575 792 663 839 qua
685 786 724 822 te
743 775 873 822 sentis
896 776 1064 835 urgeri:
1090 794 1168 823 nec
1189 789 1263 824 tuo
1288 781 1476 828 clamore

102 843 277 908 pondus
293 862 382 910 quo
404 845 610 910 premeris
633 846 847 903 sublevas,
879 845 1066 912 impium
1103 848 1259 908 dogma
1289 863 1476 899 vestrum

102 914 323 961 mordicus
340 926 503 972 tenens,
526 932 615 979 quo
636 916 760 962 vobis
792 916 934 980 placet
966 917 1096 963 etiam
1129 918 1296 966 bonum
1330 922 1479 969 homi-

100 1001 201 1030 nem
224 985 372 1033 divino
384 987 554 1046 judicio
580 987 665 1033 sibi
685 1003 900 1051 quemque
928 988 1159 1045 committi,
1186 1008 1239 1036 ne
1261 993 1423 1040 scilicet
1441 996 1478 1041 ei
1544 989 1547 992 ¹

103 1054 157 1100 sit
180 1056 416 1103 necessaria
447 1057 529 1102 Dei
560 1057 722 1117 gratia,
765 1056 883 1104 velut
917 1057 1073 1103 idoneo
1098 1059 1174 1122 qui
1203 1064 1478 1126 semetipsum

105 1136 219 1184 agat,
244 1126 317 1172 sed
335 1126 450 1173 absit
473 1138 522 1173 ut
541 1127 602 1172 ita
623 1127 691 1174 sit.
722 1129 898 1172 Prorsus
921 1127 997 1189 qui
1017 1128 1101 1174 sibi
1125 1131 1476 1189 committuntur,

103 1205 146 1240 et
168 1212 192 1240 a
206 1196 445 1260 semetipsis
463 1207 670 1257 aguntur,
695 1213 785 1242 non
801 1206 902 1242 sunt
917 1195 1039 1253 boni,
1062 1199 1164 1262 quia
1178 1217 1265 1245 non
1283 1213 1384 1247 sunt
1405 1204 1482 1249 filii

104 1265 199 1313 Dei.
228 1286 248 1308 <t
273 1266 505 1330 Quotquot
533 1267 649 1313 enim
679 1267 835 1330 spiritu
863 1268 946 1313 Dei
981 1279 1184 1328 aguntur,
1210 1271 1258 1316 hi
1284 1272 1361 1317 filii
1383 1285 1483 1319 sunt

104 1357 126 1379 »
146 1336 227 1382 Dei
246 1336 280 1384 ².
308 1358 329 1379 »
353 1338 468 1384 Puto
502 1337 625 1402 quod
659 1355 864 1398 agnoscas
886 1338 932 1384 in
956 1339 1044 1384 hoc
1080 1342 1289 1388 sententia
1323 1342 1482 1404 dogma

105 1407 414 1472 apostolicum,
445 1426 538 1472 quo
560 1408 670 1455 illud
689 1409 957 1456 subvertitur
978 1421 1182 1459 vestrum.

169 1478 330 1526 XXVI.
354 1479 666 1526 Verumtamen
679 1478 788 1525 dicis
803 1479 969 1543 aliquid
983 1491 1137 1527 contra
1149 1493 1191 1528 te
1207 1520 1218 1539 ,
1232 1484 1351 1547 quod
1371 1486 1482 1531 taci-

105 1559 175 1595 tus
186 1550 409 1613 praeterire
419 1567 509 1596 non
523 1550 676 1597 debeo.
696 1550 1005 1597 Meministi-ne
1020 1552 1217 1615 quandiu
1228 1554 1483 1619 disputave—

105 1621 164 1667 ris
189 1631 340 1667 contra
361 1621 675 1667 lucidissimam
710 1638 810 1685 quae
838 1639 917 1684 per
946 1623 1204 1686 Apostolum
1222 1624 1483 1691 deprompta

105 1701 169 1737 est
184 1693 427 1749 veritatem,
445 1691 680 1748 affirmans,
707 1713 728 1734 <‹
744 1691 876 1738 Nullo
900 1692 1034 1738 modo
1057 1710 1143 1739 esse
1167 1711 1292 1757 posse
1319 1697 1484 1760 aliquid

107 1762 227 1826 quod
259 1773 301 1809 et
333 1773 567 1826 peccatum
602 1763 657 1809 sit
678 1773 720 1809 et
743 1780 880 1827 poena
905 1764 1103 1827 peccati?
1119 1786 1139 1807 >³
1158 1765 1278 1822 Quid
1300 1777 1362 1813 est
1385 1785 1484 1828 ergo

106 1849 248 1889 nunc,
279 1833 400 1896 quod
427 1833 590 1879 oblitus
626 1843 758 1879 tantae
787 1832 1066 1896 loquacitatis
1097 1844 1184 1880 tuae
1211 1835 1308 1882 ideo
1334 1836 1485 1883 laudas

108 1923 129 1945 «
149 1903 437 1950 Altitudinem
459 1903 712 1949 divitiarum
736 1904 960 1965 sapientiae
977 1914 1018 1949 et
1037 1905 1229 1950 scientiae
1248 1907 1326 1952 Dei
1345 1945 1355 1963 ‚
1382 1909 1483 1971 quia

107 1983 224 2019 extra
249 1972 441 2019 futuram
467 1990 650 2037 operum
673 1973 1009 2019 retributionem
1041 1991 1089 2020 ex
1117 1975 1254 2021 multa
1281 1989 1404 2039 parte
1427 1978 1485 2023 li-

108 2043 263 2089 berum
290 2043 523 2090 arbitrium
547 2043 733 2089 formam
751 2043 889 2090 voluit
910 2044 1091 2108 implere
1111 2046 1302 2105 judicii?
1328 2049 1354 2092 J
1360 2050 1485 2094 ustis-

108 2114 213 2160 sime
252 2115 368 2160 enim
405 2115 514 2170 sibi,
549 2115 662 2160 sicut
693 2114 873 2170 definis,
908 2115 1051 2161 bonus
1094 2117 1228 2162 homo
1260 2118 1485 2182 malusque

110 2185 423 2241 committitur,
462 2195 510 2230 ut
544 2195 585 2230 et
615 2185 757 2231 bonus
785 2203 827 2231 se
854 2185 1054 2243 fruatur,
1089 2187 1239 2250 utique
1272 2189 1315 2234 in
1357 2207 1485 2253 opere

109 2254 226 2300 bono
248 2291 258 2310 ,
287 2265 328 2299 et
346 2254 485 2300 malus
506 2271 548 2300 se
570 2254 662 2317 ipse
686 2255 900 2318 patiatur,
921 2277 941 2297 ›>
960 2257 1111 2319 utique
1130 2257 1175 2312 in
1197 2275 1325 2321 opere
1349 2260 1478 2306 malo.

111 2323 242 2380 Quod
264 2324 461 2387 profecto
478 2324 542 2369 illi
568 2335 610 2369 et
641 2335 872 2387 peccatum
911 2336 995 2382 est,
1026 2327 1129 2389 quia
1160 2327 1322 2373 malum
1352 2329 1484 2386 facit,

109 2404 152 2440 et
187 2411 321 2458 poena
361 2394 554 2458 peccati,
598 2395 701 2458 quia
730 2395 894 2441 malum
922 2413 964 2442 se
989 2396 1183 2459 patitur:
1209 2408 1258 2443 ut
1282 2415 1329 2444 ex
1352 2399 1488 2445 multa

109 2475 236 2528 parte
277 2464 463 2510 formam
499 2464 657 2525 judicii
673 2502 685 2522 ,
715 2482 802 2529 quo
823 2466 941 2511 bona
969 2467 1096 2513 bouis
1138 2478 1179 2513 et
1217 2468 1330 2514 mala
1367 2470 1489 2515 malis

109 2535 417 2582 retribuuntur
437 2573 448 2593 ‚
495 2539 589 2596 jam
638 2536 820 2602 impleat
859 2537 1047 2586 liberum
1093 2540 1320 2588 arbitrium
1336 2578 1348 2599 ,
1401 2558 1490 2605 quo

162 2623 172 2647 ¹
192 2625 289 2658 Rom.
308 2634 358 2667 xx,
382 2626 433 2661 13.
447 2641 492 2650 -
509 2623 524 2649 ²
541 2628 636 2663 Rom.
656 2637 728 2670 vm,
748 2634 802 2664 14.
