1843 3190
329 238 422 295 446
749 250 786 280 s.
828 248 1074 280 AUGUSTINI
1099 249 1317 281 *Eriscom

328 335 418 364 non
450 316 773 369 intellexeram3
812 314 934 378 quod
975 333 1069 362 mea
1102 317 1304 380 quaedam
1344 316 1474 363 illius·
1498 317 1708 381 temporis

331 389 457 434 etiam
479 387 641 450 scripta
652 395 832 431 testatur
853 386 935 448 (5).
955 387 1051 431 Non
1070 387 1181 434 mihi
1195 386 1308 432 enim
1329 387 1561 434 videbatur
1574 390 1709 451 Apos-

331 458 444 505 tolus
465 469 506 504 et
533 458 585 503 de
609 475 650 503 se
674 455 934 520 ipsodicere
959 457 1162 520 potuisse.
1195 479 1215 499 α
1241 459 1332 518 Ego
1358 469 1498 505 autem
1525 459 1709 511 carnalis

330 546 475 584 nsum,
500 545 602 574 cum
625 538 730 573 esset
754 526 959 590 spiritalis
978 526 996 556 1
1022 544 1033 572 :
1057 538 1138 572 »et
1161 527 1282 591 quod
1309 530 1507 592 captivus
1533 525 1710 575 ducere-

329 611 401 645 tur
419 600 500 645 sub
520 599 610 658 lege
626 598 815 662 peccati,
836 614 936 661 quae
956 597 1002 643 in
1016 599 1223 644 membris
1241 610 1333 644 erat
1349 603 1452 659 erS.
1485 601 1576 659 Ego
1595 601 1709 647 enim

329 670 545 734 putabam
561 670 649 715 dici
667 669 747 714 ista
766 686 855 713 non
878 686 1019 732 posse,
1046 669 1127 714 nisi
1159 668 1212 714 de
1245 670 1296 715 iis
1315 687 1425 733 quos
1444 670 1505 715 ita
1530 670 1711 716 haberet

331 741 472 786 carnis
498 739 852 801 concupiscentia
882 739 1163 798 subjugatOS‚
1203 750 1251 784 ut
1283 739 1474 785 facerent
1491 739 1711 803 quidquid

331 809 405 855 illa
427 809 707 872 compelleret
725 813 735 863 3
757 807 877 870 quod
901 807 954 852 de
971 808 1179 870 Apostolo
1199 808 1410 854 dementis
1428 819 1490 855 est
1505 809 1679 861 credere
1696 827 1707 854 t

328 896 430 926 cum
451 878 922 925 etiaminnumerabilis
935 878 1172 923 multitudo
1192 890 1461 935 sanctorum,
1482 897 1536 925 ne
1552 896 1712 931 concu-

331 951 566 1014 piscentias
590 949 732 995 carnis
748 949 946 1012 perficiat
962 986 972 1000 ,
1000 960 1151 994 contra
1176 967 1349 995 carnem
1366 951 1521 1013 spiritu
1542 967 1712 997 eoncu-

333 1021 488 1084 piscat.
523 1019 603 1066 Sed
633 1030 782 1083 postea
806 1018 1059 1064 melioribus
1085 1030 1127 1075 et
1149 1020 1559 1080 intelligentioribus
1574 1020 1681 1067 cessi
1698 1057 1710 1076 ,

333 1090 401 1137 vel
418 1091 563 1154 potius
587 1091 670 1153 ipsi
693 1089 813 1153 quod
837 1088 1062 1135 fatendum
1082 1101 1145 1135 est
1167 1090 1355 1147 veritati,
1386 1102 1434 1136 ut
1455 1090 1648 1143 viderem
1667 1091 1714 1136 in

333 1160 417 1206 illis
438 1161 634 1224 Apostoli
651 1160 832 1206 vocibus
845 1161 1052 1219 gemitum
1072 1178 1158 1206 esse
1177 1172 1427 1207 sanctorum
1443 1172 1594 1208 contra
1612 1178 1714 1211 car-

335 1231 451 1276 nales
475 1230 852 1294 concupiscentius
876 1230 1196 1278 dimicantium.
1226 1232 1313 1287 Qui
1339 1249 1440 1277 cum
1466 1243 1610 1277 mente
1628 1231 1716 1277 sint

334 1301 547 1364 spiritales
569 1336 578 1351 ,
619 1301 766 1346 adhuc
796 1311 941 1346 tamen
964 1302 1045 1345 isto
1071 1302 1348 1364 corruptibili
1374 1319 1558 1365 corpore
1593 1300 1714 1365 quod

338 1382 541 1431 aggravat
562 1371 747 1417 animam
762 1371 798 1427 2,
819 1382 931 1416 recte
956 1371 1256 1430 intelliguntur
1275 1389 1362 1417 esse
1381 1373 1596 1426 carnales3
1613 1372 1716 1436 quia

334 1453 460 1487 erunt
487 1453 527 1488 et
564 1459 749 1505 corpore
780 1442 994 1504 spiritales
1012 1479 1023 1498 ,
1060 1442 1236 1504 quando
1262 1443 1527 1489 seminatum
1556 1458 1716 1506 corpus

335 1513 519 1558 animale
535 1550 546 1568 ‚
575 1523 768 1573 resurget
789 1529 951 1576 corpus
987 1513 1180 1575 spiritale
1201 1514 1217 1542 ὃ
1237 1531 1247 1558 :
1270 1523 1312 1558 et
1333 1524 1449 1559 recte
1474 1513 1622 1559 adhuc
1643 1513 1716 1558 in-

333 1583 590 1644 telliguntur
614 1601 661 1629 ea
679 1594 802 1647 parte
832 1582 996 1645 captivi
1025 1583 1106 1628 sub
1131 1583 1223 1642 lege
1247 1583 1442 1646 peccati,
1484 1600 1583 1647 quae
1606 1582 1715 1628 desi-

335 1653 555 1699 deriorum
573 1691 584 1707 ,
609 1654 773 1718 quibus
811 1670 899 1698 non
936 1654 1214 1699 consentiunt
1230 1691 1240 1709 ,
1285 1655 1476 1699 motibus
1500 1654 1709 1714 subjacet.

338 1725 456 1771 Hinc
476 1724 639 1770 factum
665 1736 726 1769 est
747 1735 793 1769 ut
827 1724 886 1769 sic
905 1724 985 1768 ista
1015 1724 1318 1783 intelligerem,
1345 1724 1716 1788 quemadmodum

334 1795 542 1840 intellexit
566 1795 774 1850 Hilarius,
800 1795 1049 1853 Gregorius,
1080 1795 1357 1850 Ambrosius,
1385 1806 1426 1840 et
1462 1795 1608 1840 caeteri
1636 1795 1719 1839 Ec-

338 1864 479 1911 clesiae
509 1866 644 1911 sancti
670 1865 850 1927 notique
880 1864 1078 1910 doctores
1098 1901 1108 1920 ,
1129 1865 1205 1928 qui
1226 1875 1267 1910 et
1290 1865 1434 1928 ipsum
1455 1864 1715 1928 Apostolum

337 1935 540 1982 adversus
568 1935 758 1982 carnales
785 1935 1164 1998 concupiscentias
1185 1952 1292 1998 quas
1312 1936 1474 1980 habere
1507 1935 1712 1990 nolebat,

335 2017 376 2052 et
405 2017 543 2052 tamen
567 2007 777 2057 habebat,
810 2017 979 2051 strenue
1003 2005 1239 2051 conflixisse
1256 2043 1266 2061 ,
1299 2005 1586 2068 eumdemque
1607 2022 1717 2050 con-

337 2076 506 2122 flictum
548 2094 673 2123 suum
709 2076 793 2121 illis
836 2077 921 2121 suis
950 2076 1098 2121 verbis
1127 2086 1412 2120 contestatum
1433 2075 1560 2120 fuisse
1584 2072 1718 2120 sense-

336 2158 454 2194 runt.
486 2153 649 2193 Contra
674 2164 782 2210 quos
808 2156 950 2191 motus
972 2183 983 2201 ,
1019 2145 1142 2208 prius
1177 2145 1327 2208 utique
1351 2144 1631 2190 debellandos
1666 2161 1719 2189 ne

338 2217 633 2274 dominentur,
660 2231 700 2262 et
723 2227 871 2280 postea
896 2215 1114 2261 sanandos
1136 2227 1183 2260 ut
1200 2216 1373 2277 penitus
1393 2216 1714 2274 extinguantur,

339 2289 467 2333 etiam
491 2289 582 2351 ipse
606 2289 791 2348 gloriosa
817 2288 1054 2333 certamina
1084 2298 1251 2331 sanctos
1285 2304 1476 2332 exercere
1502 2285 1718 2331 confessus

341 2375 396 2405 es.
423 2358 563 2403 Simul
585 2360 731 2421 itaque
745 2375 1058 2417 cognoscamus
1074 2358 1204 2402 verba
1226 2357 1533 2418 pugnantium,
1552 2357 1585 2400 si
1602 2372 1718 2418 pug-

340 2445 508 2474 namus,
556 2428 651 2473 Hoc
687 2428 801 2473 enim
837 2427 968 2472 modo
1001 2443 1087 2471 non
1121 2426 1308 2470 vivimus
1353 2443 1428 2471 nos
1447 2463 1457 2481 ,
1498 2423 1571 2470 sed
1610 2424 1720 2470 vivit

338 2499 542 2546 Christus
566 2499 612 2544 in
635 2499 779 2554 nobis,
811 2498 844 2543 si
869 2497 979 2543 etad
1003 2514 1197 2560 pugnam
1225 2507 1375 2543 contra
1402 2495 1718 2560 concupiscen-

381 2582 393 2606 ¹
409 2585 505 2616 Rom.
522 2594 578 2621 vn,
599 2589 637 2619 14
654 2588 685 2616 et
704 2584 758 2616 23.
773 2599 818 2606 —
837 2579 852 2604 ²
870 2582 946 2625 Sap.
966 2581 1085 2626 1x215.
1103 2598 1147 2605 -—
1165 2577 1179 2603 3
1197 2592 1210 2612 ι
1229 2582 1301 2621 Cor.
1318 2591 1371 2622 xv,
1389 2586 1443 2618 44.
