1843 3190
111 269 283 302 CONTRA
319 268 432 301 DUAS
468 267 701 301 EPISTOLAS
738 267 1107 308 PELAGIANORUM‚
1147 268 1234 299 Lm.
1277 268 1336 299 lv.
1412 254 1466 309 [21

102 336 213 381 inter
234 346 467 398 utrumque
489 336 544 380 sit
568 344 717 380 cautus
732 371 743 390 ‚
767 344 816 379 ut
838 333 898 379 sic
932 332 1118 378 declinet
1147 332 1439 379 Manichaeum
1457 370 1469 390 ,

103 423 157 450 ne
190 423 232 451 se
259 406 439 451 inclinet
461 406 504 450 in
537 404 785 464 Pelagium3
816 420 1049 466 rursusque
1081 403 1142 448 ita
1169 418 1210 448 se
1235 405 1429 462 sejungat
1453 423 1475 450 a

32 525 34 540 ,
103 476 343 535 pelagianis
362 513 371 531 ‚
400 493 452 521 ne
473 479 708 534 conjungat
732 474 1016 527 Manichaei&
1041 484 1117 519 aut
1138 473 1172 518 si
1197 472 1240 517 in
1264 472 1478 519 alterutris

32 547 35 587 3'
97 549 189 604 jam
206 557 400 602 tenetur,
428 563 480 590 ne
503 546 564 590 sic
587 562 627 590 se
652 563 675 590 a
704 545 978 609 quibuslibet
1011 543 1151 589 alteris
1181 553 1332 599 eruat,
1361 553 1407 588 ut
1431 544 1477 589 in

104 616 256 661 alteros
288 617 436 662 irruat.
469 615 681 661 Videntur
709 616 876 678 quippe
912 614 1023 659 inter
1060 630 1101 659 se
1126 630 1210 658 esse
1238 613 1472 666 contrarii;

103 686 308 748 quoniam
332 687 526 748 quinque
544 685 617 731 illa
646 686 883 731 Manichaei
901 683 1190 747 vituperando
1214 700 1256 728 se
1278 683 1476 729 manifes-

103 765 220 811 tant,
242 755 462 814 Pelagiani
480 755 701 801 laudando
719 773 760 801 se
779 755 1017 801 occultant.
1043 754 1324 817 Quapropter
1339 764 1476 798 utros-

102 841 186 888 que
205 825 381 870 damnat
407 836 536 888 atque
566 826 756 882 devitat,
791 825 987 888 quisquis
1020 824 1259 869 secundum
1284 823 1477 883 regulam

103 895 331 940 catholicae
371 895 474 940 fidei
511 897 572 941 sic
603 897 648 940 in
670 895 927 941 hominibus
958 894 1237 940 nascentibus
1273 893 1326 939 de
1360 894 1478 939 bona

103 975 300 1010 creatura
319 966 458 1010 carnis
476 976 519 1010 et
537 966 694 1011 animae
714 966 929 1025 glorificat
949 966 1195 1010 Creatorem
1212 1001 1223 1020 ‚
1252 964 1371 1026 quod
1389 981 1479 1009 non

101 1033 198 1080 vult
220 1034 513 1089 Manichaeus3
541 1045 590 1079 ut
611 1045 754 1079 tamen
783 1045 966 1096 propter
988 1034 1144 1079 vitium
1161 1070 1171 1088 ‚
1199 1032 1317 1095 quod
1338 1033 1383 1077 in
1407 1049 1478 1077 eos

101 1120 179 1166 per
201 1114 431 1166 peccatum
453 1104 587 1166 primi
608 1104 800 1149 hominis
816 1103 1095 1167 pertransiit,
1116 1102 1304 1148 fateatur
1320 1113 1363 1147 et
1378 1120 1477 1165 par-

101 1172 212 1218 vulis
236 1173 520 1220 necessarium
546 1173 811 1220 salvatorem
828 1211 839 1229 ‚
870 1173 989 1237 quod
1012 1190 1098 1218 non
1119 1172 1215 1217 vult
1238 1172 1436 1232 Pelagius
1460 1189 1472 1216 ε

102 1243 162 1288 sic
189 1242 395 1288 discernit
416 1243 582 1289 malum
607 1243 829 1307 pudendae
849 1243 1219 1306 concupiscentiae
1238 1260 1259 1288 a
1282 1242 1478 1287 bonitate

101 1312 354 1374 nuptiarum
373 1349 384 1368 ‚
410 1324 459 1358 ut
487 1330 627 1376 neque
658 1314 918 1359 Manichaeis
948 1313 1098 1358 similis
1121 1312 1237 1358 unde
1258 1312 1478 1357 nascimur

102 1382 276 1445 culpet,
299 1399 437 1446 neque
458 1383 699 1444 Pelagianis
724 1383 873 1428 similis
903 1383 1020 1429 unde
1047 1382 1359 1428 confundimur
1380 1381 1479 1427 lau-

102 1452 175 1497 det
198 1470 208 1497 :
235 1453 295 1498 sie
321 1452 458 1513 legem
476 1471 557 1517 per
574 1457 760 1516 Moysen
782 1465 972 1499 sanctam
1000 1465 1042 1499 et
1061 1457 1224 1513 justam
1244 1464 1286 1498 et
1314 1453 1477 1497 bonam

104 1540 127 1568 a
146 1522 237 1568 Dco
261 1533 410 1568 sancto
435 1534 476 1569 et
490 1527 609 1584 justo
635 1534 676 1569 et
698 1524 818 1569 bono
838 1524 984 1569 datam
1004 1541 1088 1568 csse
1107 1522 1300 1568 defendit
1318 1559 1328 1576 ‚
1356 1521 1477 1585 quod

102 1602 252 1637 contra
282 1593 538 1655 Apostolum
571 1604 698 1653 negat
734 1594 1033 1651 Manichaeus3
1069 1604 1117 1638 ut
1153 1610 1246 1638 cam
1285 1593 1404 1638 dicat
1435 1604 1478 1639 et

100 1673 331 1726 peccatum
357 1664 603 1719 ostendere,
632 1680 719 1708 non
743 1674 888 1709 tamen
906 1664 1055 1709 tollere
1072 1701 1082 1719 ,
1117 1674 1157 1709 et
1170 1663 1385 1723 justitiam
1397 1668 1478 1723 ju·-

99 1734 205 1778 bere
222 1770 233 1789 ‚
260 1745 509 1780 nontamen
533 1734 663 1790 dare,
700 1734 820 1797 quod
851 1751 1000 1780 rursus
1032 1745 1185 1779 contra
1218 1733 1478 1797 Apostolum

101 1814 227 1864 negat
252 1804 450 1865 Pelagius
477 1823 487 1850 :
514 1805 574 1851 sic
600 1806 746 1851 asserit
764 1805 950 1851 liberum
974 1805 1204 1851 arbitrium
1225 1842 1235 1860 ‚
1261 1816 1414 1850 utnon
1430 1822 1478 1850 ex

101 1884 258 1919 natura
289 1875 432 1920 nescio
460 1892 547 1938 qua
583 1892 751 1938 semper
783 1875 894 1920 mala
911 1912 921 1930 ‚
957 1892 1056 1938 quae
1082 1875 1202 1920 nulla
1225 1885 1312 1930 est,
1338 1874 1410 1919 sed
1431 1891 1479 1920 ex

101 1943 196 2006 ipso
215 1944 396 1990 arbitrio
417 1945 599 2008 coepisse
621 1945 739 1990 dicat
772 1956 812 1990 et
834 1945 973 2005 angeli
1003 1956 1044 1990 et
1067 1945 1258 1991 hominis
1282 1945 1447 1990 malum
1463 1982 1475 2001 ‚

102 2013 220 2076 quod
239 2015 388 2060 evertit
414 2015 614 2060 haeresim
633 2015 928 2060 Manichaeam
947 2035 958 2068 3
980 2032 1059 2060 nec
1079 2014 1176 2060 ideo
1194 2025 1338 2060 tamen
1355 2032 1479 2078 posse

30 2138 31 2145 ἵ
102 2085 322 2146 captivam
339 2085 612 2131 voluntatem
628 2122 639 2141 ,
660 2085 743 2130 nisi
766 2087 844 2130 Dei
865 2086 999 2145 gratia
1015 2123 1027 2141 ‚
1055 2085 1264 2148 respirare
1293 2085 1338 2130 in
1359 2085 1479 2131 salu-

50 2203 52 2205 ,
103 2154 495 2201 ΒΥεῐΥνΙὼεΓῑειῑεω
510 2193 521 2212 ,
543 2156 666 2219 quod
688 2156 840 2201 evertit
856 2156 1057 2201 haeresim
1084 2156 1360 2215 Pelagianam
1384 2173 1395 2199 ι
1418 2156 1478 2201 sic

103 2224 255 2270 laudat
279 2226 324 2271 in
353 2226 444 2271 Deo
468 2236 641 2271 sanctos
659 2225 857 2271 homines
887 2226 966 2271 Dei
984 2242 1072 2270 non
1100 2225 1241 2270 solum
1264 2242 1311 2270 ex
1336 2225 1480 2270 mani-

102 2293 253 2340 festato
276 2295 322 2341 in
345 2312 474 2341 carne
506 2295 683 2341 Christo
707 2306 748 2341 et
773 2294 978 2358 deinceps
996 2332 1006 2350 ‚
1033 2294 1315 2340 verumetiam
1348 2310 1481 2357 supe-

103 2364 267 2410 riorum
302 2376 550 2428 temporum
575 2402 586 2420 ‚
637 2381 745 2428 quos
786 2364 945 2410 audent
990 2363 1294 2427 blasphemare
1336 2363 1481 2409 Mani-

106 2434 244 2490 chaei3
267 2446 315 2481 ut
332 2447 475 2481 tamen
495 2435 549 2481 de
573 2435 678 2499 ipsis
701 2435 799 2499 plus
823 2435 973 2480 credat
1002 2434 1105 2497 ipsis
1137 2433 1448 2479 confitentibus
1465 2469 1477 2489 ,

105 2520 239 2566 quam
255 2503 262 2511 ⁸
279 2504 518 2565 Pelagianis
554 2505 878 2551 mentientibus.
931 2504 1194 2550 Sanctorum
1239 2503 1355 2549 enim
1402 2519 1482 2547 vox

108 2592 130 2615 >2
147 2583 240 2620 est:
277 2595 298 2618 ε(
331 2575 377 2622 Si
410 2573 667 2633 dixerimus,
701 2575 802 2639 quia
836 2584 1065 2640 peccatum
1108 2590 1197 2621 non
1236 2571 1477 2627 habemus,
