<?xml version="1.0" encoding="UTF-8"?>
<!DOCTYPE html PUBLIC "-//W3C//DTD XHTML 1.0 Transitional//EN"
    "http://www.w3.org/TR/xhtml1/DTD/xhtml1-transitional.dtd">
<html xmlns="http://www.w3.org/1999/xhtml" xml:lang="en" lang="en">
 <head>
  <title>
</title>
<meta http-equiv="Content-Type" content="text/html;charset=utf-8" />
  <meta name='ocr-system' content='tesseract 3.04.00' />
  <meta name='ocr-capabilities' content='ocr_page ocr_carea ocr_par ocr_line ocrx_word'/>
</head>
<body>
  <div class='ocr_page' id='page_1' title='image "./operaomniaaccura35auguuoft/operaomniaaccura35auguuoft_0168.png"; bbox 0 0 1843 3190; ppageno 0'>
   <div class='ocr_carea' id='block_1_1' title="bbox 383 309 1749 449">
    <p class='ocr_par' dir='ltr' id='par_1_1' title="bbox 383 309 1749 449">
     <span class='ocr_line' id='line_1_1' title="bbox 389 309 1361 357; baseline -0.003 0"><span class='ocrx_word' id='word_1_1' title='bbox 389 309 476 357; x_wconf 79' lang='lat'>158</span> <span class='ocrx_word' id='word_1_2' title='bbox 802 323 837 354; x_wconf 82' lang='lat' dir='ltr'>s,</span> <span class='ocrx_word' id='word_1_3' title='bbox 879 322 1124 356; x_wconf 73' lang='lat' dir='ltr'>Aueusrmr</span> <span class='ocrx_word' id='word_1_4' title='bbox 1157 322 1361 355; x_wconf 75' lang='lat' dir='ltr'>Emscopr</span> 
     </span>
     <span class='ocr_line' id='line_1_2' title="bbox 383 386 1749 449; baseline 0.001 -13"><span class='ocrx_word' id='word_1_5' title='bbox 383 390 465 436; x_wconf 90' lang='lat' dir='ltr'>diis</span> <span class='ocrx_word' id='word_1_6' title='bbox 483 388 725 436; x_wconf 89' lang='lat' dir='ltr'>minoribus</span> <span class='ocrx_word' id='word_1_7' title='bbox 746 386 943 434; x_wconf 84' lang='lat' dir='ltr'>facienda</span> <span class='ocrx_word' id='word_1_8' title='bbox 968 388 1174 437; x_wconf 83' lang='lat' dir='ltr'><strong>decernit.</strong></span> <span class='ocrx_word' id='word_1_9' title='bbox 1217 390 1332 449; x_wconf 87' lang='lat' dir='ltr'>Ergo</span> <span class='ocrx_word' id='word_1_10' title='bbox 1363 400 1534 436; x_wconf 88' lang='lat' dir='ltr'>sanctus</span> <span class='ocrx_word' id='word_1_11' title='bbox 1564 391 1749 438; x_wconf 88' lang='lat' dir='ltr'>Ambro-</span> 
     </span>
    </p>
   </div>
   <div class='ocr_carea' id='block_1_2' title="bbox 381 529 1764 2554">
    <p class='ocr_par' dir='ltr' id='par_1_2' title="bbox 381 529 1761 1275">
     <span class='ocr_line' id='line_1_3' title="bbox 384 529 1746 593; baseline 0.001 -18"><span class='ocrx_word' id='word_1_12' title='bbox 384 531 571 575; x_wconf 84' lang='lat' dir='ltr'>animam</span> <span class='ocrx_word' id='word_1_13' title='bbox 589 567 600 586; x_wconf 89' lang='lat'>,</span> <span class='ocrx_word' id='word_1_14' title='bbox 635 529 708 576; x_wconf 92' lang='lat' dir='ltr'>cui</span> <span class='ocrx_word' id='word_1_15' title='bbox 731 539 987 593; x_wconf 86' lang='lat' dir='ltr'>potestatem</span> <span class='ocrx_word' id='word_1_16' title='bbox 1011 529 1283 575; x_wconf 67' lang='lat' dir='ltr'>conferendae</span> <span class='ocrx_word' id='word_1_17' title='bbox 1315 529 1649 576; x_wconf 83' lang='lat' dir='ltr'>immortalitatis</span> <span class='ocrx_word' id='word_1_18' title='bbox 1682 542 1746 576; x_wconf 91' lang='lat' dir='ltr'>at-</span> 
     </span>
     <span class='ocr_line' id='line_1_4' title="bbox 383 598 1749 664; baseline 0.002 -20"><span class='ocrx_word' id='word_1_19' title='bbox 383 600 563 656; x_wconf 84' lang='lat' dir='ltr'>tribuit,</span> <span class='ocrx_word' id='word_1_20' title='bbox 588 601 634 646; x_wconf 90' lang='lat' dir='ltr'>in</span> <span class='ocrx_word' id='word_1_21' title='bbox 654 600 826 645; x_wconf 80' lang='lat' dir='ltr'>noctuis</span> <span class='ocrx_word' id='word_1_22' title='bbox 848 598 1070 655; x_wconf 86' lang='lat' dir='ltr'>includat,</span> <span class='ocrx_word' id='word_1_23' title='bbox 1094 610 1169 645; x_wconf 87' lang='lat' dir='ltr'>aut</span> <span class='ocrx_word' id='word_1_24' title='bbox 1187 599 1371 654; x_wconf 83' lang='lat' dir='ltr'>ranulis,</span> <span class='ocrx_word' id='word_1_25' title='bbox 1391 598 1556 645; x_wconf 88' lang='lat' dir='ltr'>feritate</span> <span class='ocrx_word' id='word_1_26' title='bbox 1574 617 1749 664; x_wconf 86' lang='lat' dir='ltr'>quoque</span> 
     </span>
     <span class='ocr_line' id='line_1_5' title="bbox 381 669 1756 732; baseline -0.001 -16"><span class='ocrx_word' id='word_1_27' title='bbox 381 670 536 716; x_wconf 83' lang='lat' dir='ltr'>induat</span> <span class='ocrx_word' id='word_1_28' title='bbox 554 671 790 716; x_wconf 87' lang='lat' dir='ltr'>bestiarum</span> <span class='ocrx_word' id='word_1_29' title='bbox 811 687 822 714; x_wconf 69' lang='grc' dir='ltr'>ε</span> <span class='ocrx_word' id='word_1_30' title='bbox 847 669 1006 715; x_wconf 89' lang='lat' dir='ltr'>cumin</span> <span class='ocrx_word' id='word_1_31' title='bbox 1026 670 1192 715; x_wconf 85' lang='lat' dir='ltr'>Timaeo</span> <span class='ocrx_word' id='word_1_32' title='bbox 1213 687 1307 715; x_wconf 86' lang='lat' dir='ltr'>eam</span> <span class='ocrx_word' id='word_1_33' title='bbox 1333 670 1411 715; x_wconf 88' lang='lat' dir='ltr'>Dei</span> <span class='ocrx_word' id='word_1_34' title='bbox 1431 686 1540 732; x_wconf 87' lang='lat' dir='ltr'>opus</span> <span class='ocrx_word' id='word_1_35' title='bbox 1567 686 1652 714; x_wconf 87' lang='lat' dir='ltr'>esse</span> <span class='ocrx_word' id='word_1_36' title='bbox 1671 688 1756 716; x_wconf 91' lang='lat' dir='ltr'>me-</span> 
     </span>
     <span class='ocr_line' id='line_1_6' title="bbox 385 739 1757 802; baseline 0.001 -16"><span class='ocrx_word' id='word_1_37' title='bbox 385 742 616 786; x_wconf 86' lang='lat' dir='ltr'>moraverit</span> <span class='ocrx_word' id='word_1_38' title='bbox 634 778 644 795; x_wconf 88' lang='lat'>,</span> <span class='ocrx_word' id='word_1_39' title='bbox 680 741 792 786; x_wconf 88' lang='lat' dir='ltr'>inter</span> <span class='ocrx_word' id='word_1_40' title='bbox 818 739 1078 785; x_wconf 84' lang='lat' dir='ltr'>immortalia</span> <span class='ocrx_word' id='word_1_41' title='bbox 1099 758 1122 785; x_wconf 89' lang='lat' dir='ltr'>a</span> <span class='ocrx_word' id='word_1_42' title='bbox 1147 742 1238 785; x_wconf 88' lang='lat' dir='ltr'>Deo</span> <span class='ocrx_word' id='word_1_43' title='bbox 1261 739 1448 793; x_wconf 78' lang='lat' dir='ltr'>factam3</span> <span class='ocrx_word' id='word_1_44' title='bbox 1483 756 1643 802; x_wconf 86' lang='lat' dir='ltr'>corpus</span> <span class='ocrx_word' id='word_1_45' title='bbox 1676 757 1757 787; x_wconf 89' lang='lat' dir='ltr'>au-</span> 
     </span>
     <span class='ocr_line' id='line_1_7' title="bbox 385 810 1757 872; baseline 0 -17"><span class='ocrx_word' id='word_1_46' title='bbox 385 821 470 855; x_wconf 89' lang='lat' dir='ltr'>tem</span> <span class='ocrx_word' id='word_1_47' title='bbox 489 828 577 856; x_wconf 89' lang='lat' dir='ltr'>non</span> <span class='ocrx_word' id='word_1_48' title='bbox 591 811 729 857; x_wconf 89' lang='lat' dir='ltr'>videri</span> <span class='ocrx_word' id='word_1_49' title='bbox 747 827 857 872; x_wconf 87' lang='lat' dir='ltr'>opus</span> <span class='ocrx_word' id='word_1_50' title='bbox 876 811 1036 855; x_wconf 89' lang='lat' dir='ltr'>summi</span> <span class='ocrx_word' id='word_1_51' title='bbox 1064 810 1145 855; x_wconf 84' lang='lat' dir='ltr'>Dei</span> <span class='ocrx_word' id='word_1_52' title='bbox 1166 810 1311 855; x_wconf 86' lang='lat' dir='ltr'>asserit</span> <span class='ocrx_word' id='word_1_53' title='bbox 1329 847 1339 863; x_wconf 90' lang='lat'>,</span> <span class='ocrx_word' id='word_1_54' title='bbox 1361 810 1465 872; x_wconf 85' lang='lat' dir='ltr'>quia</span> <span class='ocrx_word' id='word_1_55' title='bbox 1490 820 1644 854; x_wconf 85' lang='lat' dir='ltr'>natura</span> <span class='ocrx_word' id='word_1_56' title='bbox 1664 827 1757 855; x_wconf 88' lang='lat' dir='ltr'>car-</span> 
     </span>
     <span class='ocr_line' id='line_1_8' title="bbox 384 878 1759 942; baseline 0.001 -18"><span class='ocrx_word' id='word_1_57' title='bbox 384 880 450 924; x_wconf 88' lang='lat' dir='ltr'>nis</span> <span class='ocrx_word' id='word_1_58' title='bbox 471 880 680 925; x_wconf 82' lang='lat' dir='ltr'>humanae</span> <span class='ocrx_word' id='word_1_59' title='bbox 704 879 818 924; x_wconf 86' lang='lat' dir='ltr'>nihil</span> <span class='ocrx_word' id='word_1_60' title='bbox 848 897 871 924; x_wconf 85' lang='lat' dir='ltr'>a</span> <span class='ocrx_word' id='word_1_61' title='bbox 899 889 1056 924; x_wconf 88' lang='lat' dir='ltr'>natura</span> <span class='ocrx_word' id='word_1_62' title='bbox 1083 879 1281 942; x_wconf 87' lang='lat' dir='ltr'>corporis</span> <span class='ocrx_word' id='word_1_63' title='bbox 1305 878 1498 924; x_wconf 81' lang='lat' dir='ltr'>bestialis</span> <span class='ocrx_word' id='word_1_64' title='bbox 1523 878 1680 925; x_wconf 87' lang='lat' dir='ltr'>differt.</span> <span class='ocrx_word' id='word_1_65' title='bbox 1712 880 1759 925; x_wconf 88' lang='lat' dir='ltr'>Si</span> 
     </span>
     <span class='ocr_line' id='line_1_9' title="bbox 383 948 1757 1013; baseline -0.001 -19"><span class='ocrx_word' id='word_1_66' title='bbox 383 966 483 1008; x_wconf 90' lang='lat' dir='ltr'>ergo</span> <span class='ocrx_word' id='word_1_67' title='bbox 516 949 647 1009; x_wconf 87' lang='lat' dir='ltr'>digna</span> <span class='ocrx_word' id='word_1_68' title='bbox 670 959 732 995; x_wconf 83' lang='lat' dir='ltr'>est</span> <span class='ocrx_word' id='word_1_69' title='bbox 753 965 855 1013; x_wconf 81' lang='lat' dir='ltr'>quae</span> <span class='ocrx_word' id='word_1_70' title='bbox 892 949 971 994; x_wconf 87' lang='lat' dir='ltr'>Dei</span> <span class='ocrx_word' id='word_1_71' title='bbox 1007 965 1118 1011; x_wconf 87' lang='lat' dir='ltr'>opus</span> <span class='ocrx_word' id='word_1_72' title='bbox 1154 966 1240 994; x_wconf 86' lang='lat' dir='ltr'>esse</span> <span class='ocrx_word' id='word_1_73' title='bbox 1274 948 1500 1004; x_wconf 88' lang='lat' dir='ltr'>credatur,</span> <span class='ocrx_word' id='word_1_74' title='bbox 1537 948 1757 1012; x_wconf 89' lang='lat' dir='ltr'>quomodo</span> 
     </span>
     <span class='ocr_line' id='line_1_10' title="bbox 383 1018 1757 1082; baseline 0 -18"><span class='ocrx_word' id='word_1_75' title='bbox 383 1019 562 1078; x_wconf 86' lang='lat' dir='ltr'>indigna</span> <span class='ocrx_word' id='word_1_76' title='bbox 597 1029 658 1065; x_wconf 86' lang='lat' dir='ltr'>est</span> <span class='ocrx_word' id='word_1_77' title='bbox 681 1036 783 1082; x_wconf 86' lang='lat' dir='ltr'>quae</span> <span class='ocrx_word' id='word_1_78' title='bbox 817 1019 899 1064; x_wconf 85' lang='lat' dir='ltr'>Dei</span> <span class='ocrx_word' id='word_1_79' title='bbox 930 1036 1058 1082; x_wconf 90' lang='lat' dir='ltr'>opere</span> <span class='ocrx_word' id='word_1_80' title='bbox 1079 1019 1316 1065; x_wconf 74' lang='lat' dir='ltr'>vestiatur?</span> <span class='ocrx_word' id='word_1_81' title='bbox 1336 1040 1356 1060; x_wconf 80' lang='lat'>»</span> <span class='ocrx_word' id='word_1_82' title='bbox 1379 1019 1491 1064; x_wconf 88' lang='lat' dir='ltr'>Ecce</span> <span class='ocrx_word' id='word_1_83' title='bbox 1506 1036 1595 1064; x_wconf 90' lang='lat' dir='ltr'>non</span> <span class='ocrx_word' id='word_1_84' title='bbox 1619 1018 1757 1064; x_wconf 89' lang='lat' dir='ltr'>solum</span> 
     </span>
     <span class='ocr_line' id='line_1_11' title="bbox 386 1087 1760 1152; baseline 0.001 -19"><span class='ocrx_word' id='word_1_85' title='bbox 386 1089 575 1134; x_wconf 87' lang='lat' dir='ltr'>animam</span> <span class='ocrx_word' id='word_1_86' title='bbox 595 1125 605 1144; x_wconf 93' lang='lat'>,</span> <span class='ocrx_word' id='word_1_87' title='bbox 628 1088 747 1152; x_wconf 88' lang='lat' dir='ltr'>quod</span> <span class='ocrx_word' id='word_1_88' title='bbox 771 1099 812 1132; x_wconf 92' lang='lat' dir='ltr'>et</span> <span class='ocrx_word' id='word_1_89' title='bbox 831 1087 895 1132; x_wconf 90' lang='lat' dir='ltr'>illi</span> <span class='ocrx_word' id='word_1_90' title='bbox 915 1087 1070 1133; x_wconf 90' lang='lat' dir='ltr'>dicunt</span> <span class='ocrx_word' id='word_1_91' title='bbox 1087 1125 1099 1145; x_wconf 91' lang='lat'>,</span> <span class='ocrx_word' id='word_1_92' title='bbox 1121 1089 1406 1135; x_wconf 82' lang='lat' dir='ltr'>verumetiam</span> <span class='ocrx_word' id='word_1_93' title='bbox 1428 1105 1590 1151; x_wconf 88' lang='lat' dir='ltr'>corpus</span> <span class='ocrx_word' id='word_1_94' title='bbox 1605 1125 1616 1144; x_wconf 94' lang='lat'>,</span> <span class='ocrx_word' id='word_1_95' title='bbox 1638 1088 1760 1152; x_wconf 89' lang='lat' dir='ltr'>quod</span> 
     </span>
     <span class='ocr_line' id='line_1_12' title="bbox 382 1157 1761 1222; baseline 0.001 -20"><span class='ocrx_word' id='word_1_96' title='bbox 382 1158 447 1203; x_wconf 87' lang='lat' dir='ltr'>illi</span> <span class='ocrx_word' id='word_1_97' title='bbox 478 1169 663 1218; x_wconf 87' lang='lat' dir='ltr'>negant,</span> <span class='ocrx_word' id='word_1_98' title='bbox 703 1168 857 1204; x_wconf 87' lang='lat' dir='ltr'>contra</span> <span class='ocrx_word' id='word_1_99' title='bbox 894 1158 1143 1205; x_wconf 86' lang='lat' dir='ltr'>Platonicos</span> <span class='ocrx_word' id='word_1_100' title='bbox 1182 1159 1264 1205; x_wconf 87' lang='lat' dir='ltr'>Dei</span> <span class='ocrx_word' id='word_1_101' title='bbox 1299 1174 1411 1222; x_wconf 90' lang='lat' dir='ltr'>opus</span> <span class='ocrx_word' id='word_1_102' title='bbox 1446 1175 1532 1205; x_wconf 85' lang='lat' dir='ltr'>esse</span> <span class='ocrx_word' id='word_1_103' title='bbox 1568 1157 1761 1204; x_wconf 86' lang='lat' dir='ltr'>defendit</span> 
     </span>
     <span class='ocr_line' id='line_1_13' title="bbox 387 1229 655 1275; baseline 0.007 -2"><span class='ocrx_word' id='word_1_104' title='bbox 387 1229 655 1275; x_wconf 86' lang='lat' dir='ltr'>Ambrosius.</span> 
     </span>
    </p>

    <p class='ocr_par' dir='ltr' id='par_1_3' title="bbox 382 1299 1764 2554">
     <span class='ocr_line' id='line_1_14' title="bbox 449 1299 1755 1364; baseline -0.001 -19"><span class='ocrx_word' id='word_1_105' title='bbox 449 1301 548 1346; x_wconf 80' lang='lat' dir='ltr'>XX.</span> <span class='ocrx_word' id='word_1_106' title='bbox 577 1301 644 1346; x_wconf 88' lang='lat' dir='ltr'>An</span> <span class='ocrx_word' id='word_1_107' title='bbox 666 1309 713 1344; x_wconf 89' lang='lat' dir='ltr'>tu</span> <span class='ocrx_word' id='word_1_108' title='bbox 734 1299 931 1345; x_wconf 88' lang='lat' dir='ltr'>dicturus</span> <span class='ocrx_word' id='word_1_109' title='bbox 956 1317 998 1345; x_wconf 86' lang='lat' dir='ltr'>es</span> <span class='ocrx_word' id='word_1_110' title='bbox 1017 1338 1028 1356; x_wconf 90' lang='lat'>,</span> <span class='ocrx_word' id='word_1_111' title='bbox 1056 1299 1176 1364; x_wconf 90' lang='lat' dir='ltr'>quod</span> <span class='ocrx_word' id='word_1_112' title='bbox 1192 1300 1355 1363; x_wconf 88' lang='lat' dir='ltr'>nuptiis</span> <span class='ocrx_word' id='word_1_113' title='bbox 1381 1299 1549 1359; x_wconf 82' lang='lat' dir='ltr'>ingerat</span> <span class='ocrx_word' id='word_1_114' title='bbox 1568 1299 1755 1354; x_wconf 86' lang='lat' dir='ltr'>crimen,</span> 
     </span>
     <span class='ocr_line' id='line_1_15' title="bbox 385 1369 1761 1434; baseline 0 -20"><span class='ocrx_word' id='word_1_115' title='bbox 385 1369 488 1431; x_wconf 86' lang='lat' dir='ltr'>quia</span> <span class='ocrx_word' id='word_1_116' title='bbox 521 1380 562 1415; x_wconf 89' lang='lat' dir='ltr'>et</span> <span class='ocrx_word' id='word_1_117' title='bbox 597 1369 700 1415; x_wconf 89' lang='lat' dir='ltr'>inde</span> <span class='ocrx_word' id='word_1_118' title='bbox 744 1370 863 1433; x_wconf 90' lang='lat' dir='ltr'>quod</span> <span class='ocrx_word' id='word_1_119' title='bbox 900 1371 1092 1416; x_wconf 87' lang='lat' dir='ltr'>nascitur</span> <span class='ocrx_word' id='word_1_120' title='bbox 1127 1370 1494 1434; x_wconf 85' lang='lat' dir='ltr'>concupiscentiae</span> <span class='ocrx_word' id='word_1_121' title='bbox 1535 1369 1761 1432; x_wconf 83' lang='lat' dir='ltr'>voluptate</span> 
     </span>
     <span class='ocr_line' id='line_1_16' title="bbox 386 1438 1761 1500; baseline 0.001 -17"><span class='ocrx_word' id='word_1_122' title='bbox 386 1450 638 1484; x_wconf 88' lang='lat' dir='ltr'>concretum</span> <span class='ocrx_word' id='word_1_123' title='bbox 658 1476 669 1495; x_wconf 89' lang='lat'>,</span> <span class='ocrx_word' id='word_1_124' title='bbox 703 1439 811 1485; x_wconf 87' lang='lat' dir='ltr'>dicit</span> <span class='ocrx_word' id='word_1_125' title='bbox 850 1441 996 1486; x_wconf 85' lang='lat' dir='ltr'>subire</span> <span class='ocrx_word' id='word_1_126' title='bbox 1031 1441 1281 1500; x_wconf 86' lang='lat' dir='ltr'>contagium</span> <span class='ocrx_word' id='word_1_127' title='bbox 1325 1440 1614 1486; x_wconf 81' lang='lat' dir='ltr'>delictorum?</span> <span class='ocrx_word' id='word_1_128' title='bbox 1644 1438 1761 1486; x_wconf 87' lang='lat' dir='ltr'>Audi</span> 
     </span>
     <span class='ocr_line' id='line_1_17' title="bbox 385 1507 1761 1573; baseline -0.001 -19"><span class='ocrx_word' id='word_1_129' title='bbox 385 1525 484 1568; x_wconf 86' lang='lat' dir='ltr'>ergo</span> <span class='ocrx_word' id='word_1_130' title='bbox 508 1509 561 1554; x_wconf 90' lang='lat' dir='ltr'>de</span> <span class='ocrx_word' id='word_1_131' title='bbox 583 1509 749 1572; x_wconf 89' lang='lat' dir='ltr'>nuptiis</span> <span class='ocrx_word' id='word_1_132' title='bbox 780 1510 999 1555; x_wconf 86' lang='lat' dir='ltr'>Ambrosii</span> <span class='ocrx_word' id='word_1_133' title='bbox 1028 1513 1281 1556; x_wconf 84' lang='lat' dir='ltr'>sententiam</span> <span class='ocrx_word' id='word_1_134' title='bbox 1305 1510 1350 1555; x_wconf 91' lang='lat' dir='ltr'>in</span> <span class='ocrx_word' id='word_1_135' title='bbox 1384 1510 1598 1573; x_wconf 86' lang='lat' dir='ltr'>Apologia</span> <span class='ocrx_word' id='word_1_136' title='bbox 1621 1507 1761 1555; x_wconf 89' lang='lat' dir='ltr'>sancti</span> 
     </span>
     <span class='ocr_line' id='line_1_18' title="bbox 385 1579 1754 1643; baseline 0.001 -20"><span class='ocrx_word' id='word_1_137' title='bbox 385 1579 569 1626; x_wconf 83' lang='lat' dir='ltr'>David1.</span> <span class='ocrx_word' id='word_1_138' title='bbox 602 1601 623 1621; x_wconf 82' lang='lat'>«</span> <span class='ocrx_word' id='word_1_139' title='bbox 646 1581 847 1635; x_wconf 90' lang='lat' dir='ltr'>Bonum,</span> <span class='ocrx_word' id='word_1_140' title='bbox 877 1580 1044 1642; x_wconf 85' lang='lat' dir='ltr'>inquit,</span> <span class='ocrx_word' id='word_1_141' title='bbox 1079 1581 1362 1641; x_wconf 88' lang='lat' dir='ltr'>conjugium,</span> <span class='ocrx_word' id='word_1_142' title='bbox 1397 1590 1544 1626; x_wconf 87' lang='lat' dir='ltr'>sancta</span> <span class='ocrx_word' id='word_1_143' title='bbox 1580 1579 1754 1643; x_wconf 90' lang='lat' dir='ltr'>copula.</span> 
     </span>
     <span class='ocr_line' id='line_1_19' title="bbox 386 1649 1757 1713; baseline 0 -19"><span class='ocrx_word' id='word_1_144' title='bbox 386 1649 471 1694; x_wconf 89' lang='lat' dir='ltr'>Sed</span> <span class='ocrx_word' id='word_1_145' title='bbox 488 1660 633 1695; x_wconf 89' lang='lat' dir='ltr'>tamen</span> <span class='ocrx_word' id='word_1_146' title='bbox 647 1651 722 1713; x_wconf 88' lang='lat' dir='ltr'>qui</span> <span class='ocrx_word' id='word_1_147' title='bbox 738 1650 906 1695; x_wconf 87' lang='lat' dir='ltr'>habent</span> <span class='ocrx_word' id='word_1_148' title='bbox 924 1667 1071 1697; x_wconf 85' lang='lat' dir='ltr'>uxores</span> <span class='ocrx_word' id='word_1_149' title='bbox 1088 1689 1098 1708; x_wconf 84' lang='lat'>,</span> <span class='ocrx_word' id='word_1_150' title='bbox 1118 1651 1177 1697; x_wconf 91' lang='lat' dir='ltr'>ita</span> <span class='ocrx_word' id='word_1_151' title='bbox 1194 1652 1278 1697; x_wconf 87' lang='lat' dir='ltr'>sint</span> <span class='ocrx_word' id='word_1_152' title='bbox 1298 1668 1346 1697; x_wconf 92' lang='lat' dir='ltr'>ac</span> <span class='ocrx_word' id='word_1_153' title='bbox 1364 1651 1399 1697; x_wconf 88' lang='lat' dir='ltr'>si</span> <span class='ocrx_word' id='word_1_154' title='bbox 1416 1668 1504 1696; x_wconf 89' lang='lat' dir='ltr'>non</span> <span class='ocrx_word' id='word_1_155' title='bbox 1520 1651 1757 1696; x_wconf 87' lang='lat' dir='ltr'>habentes:</span> 
     </span>
     <span class='ocr_line' id='line_1_20' title="bbox 382 1718 1762 1782; baseline 0.001 -18"><span class='ocrx_word' id='word_1_156' title='bbox 382 1718 474 1780; x_wconf 89' lang='lat' dir='ltr'>ipse</span> <span class='ocrx_word' id='word_1_157' title='bbox 489 1729 550 1764; x_wconf 86' lang='lat' dir='ltr'>est</span> <span class='ocrx_word' id='word_1_158' title='bbox 562 1720 715 1765; x_wconf 85' lang='lat' dir='ltr'>thorus</span> <span class='ocrx_word' id='word_1_159' title='bbox 731 1720 1109 1782; x_wconf 83' lang='lat' dir='ltr'>incoinquinatus;</span> <span class='ocrx_word' id='word_1_160' title='bbox 1138 1733 1181 1767; x_wconf 88' lang='lat' dir='ltr'>et</span> <span class='ocrx_word' id='word_1_161' title='bbox 1205 1739 1331 1767; x_wconf 90' lang='lat' dir='ltr'>nemo</span> <span class='ocrx_word' id='word_1_162' title='bbox 1353 1721 1532 1766; x_wconf 90' lang='lat' dir='ltr'>alterum</span> <span class='ocrx_word' id='word_1_163' title='bbox 1558 1719 1762 1766; x_wconf 86' lang='lat' dir='ltr'>fraudare</span> 
     </span>
     <span class='ocr_line' id='line_1_21' title="bbox 386 1788 1760 1854; baseline 0.001 -20"><span class='ocrx_word' id='word_1_164' title='bbox 386 1788 516 1834; x_wconf 88' lang='lat' dir='ltr'>debet</span> <span class='ocrx_word' id='word_1_165' title='bbox 540 1806 608 1845; x_wconf 90' lang='lat' dir='ltr'>eo,</span> <span class='ocrx_word' id='word_1_166' title='bbox 631 1790 714 1835; x_wconf 89' lang='lat' dir='ltr'>nisi</span> <span class='ocrx_word' id='word_1_167' title='bbox 729 1790 840 1835; x_wconf 85' lang='lat' dir='ltr'>forte</span> <span class='ocrx_word' id='word_1_168' title='bbox 859 1789 914 1834; x_wconf 88' lang='lat' dir='ltr'>ad</span> <span class='ocrx_word' id='word_1_169' title='bbox 941 1800 1110 1854; x_wconf 87' lang='lat' dir='ltr'>tempus</span> <span class='ocrx_word' id='word_1_170' title='bbox 1126 1828 1136 1847; x_wconf 96' lang='lat'>,</span> <span class='ocrx_word' id='word_1_171' title='bbox 1163 1802 1211 1837; x_wconf 91' lang='lat' dir='ltr'>ut</span> <span class='ocrx_word' id='word_1_172' title='bbox 1228 1802 1382 1838; x_wconf 87' lang='lat' dir='ltr'>vacent</span> <span class='ocrx_word' id='word_1_173' title='bbox 1406 1789 1637 1836; x_wconf 80' lang='lat' dir='ltr'>orationi2.</span> <span class='ocrx_word' id='word_1_174' title='bbox 1670 1790 1760 1835; x_wconf 92' lang='lat' dir='ltr'>Ta-</span> 
     </span>
     <span class='ocr_line' id='line_1_22' title="bbox 385 1860 1762 1923; baseline 0 -19"><span class='ocrx_word' id='word_1_175' title='bbox 385 1874 485 1903; x_wconf 89' lang='lat' dir='ltr'>men</span> <span class='ocrx_word' id='word_1_176' title='bbox 517 1860 757 1905; x_wconf 86' lang='lat' dir='ltr'>seeundum</span> <span class='ocrx_word' id='word_1_177' title='bbox 784 1860 1070 1922; x_wconf 88' lang='lat' dir='ltr'>Apostolum,</span> <span class='ocrx_word' id='word_1_178' title='bbox 1099 1878 1187 1906; x_wconf 93' lang='lat' dir='ltr'>non</span> <span class='ocrx_word' id='word_1_179' title='bbox 1221 1873 1347 1907; x_wconf 88' lang='lat' dir='ltr'>vacat</span> <span class='ocrx_word' id='word_1_180' title='bbox 1378 1861 1561 1907; x_wconf 86' lang='lat' dir='ltr'>orationi</span> <span class='ocrx_word' id='word_1_181' title='bbox 1593 1860 1690 1923; x_wconf 90' lang='lat' dir='ltr'>quis</span> <span class='ocrx_word' id='word_1_182' title='bbox 1713 1876 1762 1905; x_wconf 92' lang='lat' dir='ltr'>eo</span> 
     </span>
     <span class='ocr_line' id='line_1_23' title="bbox 386 1931 1762 1994; baseline 0.001 -20"><span class='ocrx_word' id='word_1_183' title='bbox 386 1931 640 1993; x_wconf 54' lang='lat' dir='ltr'>temporess,</span> <span class='ocrx_word' id='word_1_184' title='bbox 671 1948 760 1994; x_wconf 90' lang='lat' dir='ltr'>quo</span> <span class='ocrx_word' id='word_1_185' title='bbox 785 1947 911 1976; x_wconf 88' lang='lat' dir='ltr'>usum</span> <span class='ocrx_word' id='word_1_186' title='bbox 935 1948 1158 1994; x_wconf 82' lang='lat' dir='ltr'>corporeae</span> <span class='ocrx_word' id='word_1_187' title='bbox 1175 1932 1291 1978; x_wconf 90' lang='lat' dir='ltr'>illius</span> <span class='ocrx_word' id='word_1_188' title='bbox 1318 1932 1613 1978; x_wconf 88' lang='lat' dir='ltr'>conventionis</span> <span class='ocrx_word' id='word_1_189' title='bbox 1641 1947 1762 1976; x_wconf 83' lang='lat' dir='ltr'>exer-</span> 
     </span>
     <span class='ocr_line' id='line_1_24' title="bbox 389 2000 1755 2064; baseline 0.001 -20"><span class='ocrx_word' id='word_1_190' title='bbox 389 2010 471 2045; x_wconf 88' lang='lat' dir='ltr'>cet.</span> <span class='ocrx_word' id='word_1_191' title='bbox 498 2020 518 2040; x_wconf 85' lang='grc'>»</span> <span class='ocrx_word' id='word_1_192' title='bbox 543 2000 660 2045; x_wconf 87' lang='lat' dir='ltr'>Audi</span> <span class='ocrx_word' id='word_1_193' title='bbox 677 2011 718 2045; x_wconf 88' lang='lat' dir='ltr'>et</span> <span class='ocrx_word' id='word_1_194' title='bbox 737 2000 916 2045; x_wconf 88' lang='lat' dir='ltr'>alteram</span> <span class='ocrx_word' id='word_1_195' title='bbox 937 2001 982 2046; x_wconf 93' lang='lat' dir='ltr'>in</span> <span class='ocrx_word' id='word_1_196' title='bbox 999 2001 1113 2046; x_wconf 90' lang='lat' dir='ltr'>libro</span> <span class='ocrx_word' id='word_1_197' title='bbox 1141 2001 1195 2047; x_wconf 88' lang='lat' dir='ltr'>de</span> <span class='ocrx_word' id='word_1_198' title='bbox 1218 2001 1505 2064; x_wconf 85' lang='lat' dir='ltr'>Philosophia</span> <span class='ocrx_word' id='word_1_199' title='bbox 1526 2019 1537 2046; x_wconf 90' lang='lat'><strong>:</strong></span> <span class='ocrx_word' id='word_1_200' title='bbox 1561 2022 1581 2043; x_wconf 77' lang='grc' dir='ltr'>α</span> <span class='ocrx_word' id='word_1_201' title='bbox 1606 2001 1729 2045; x_wconf 90' lang='lat' dir='ltr'>Bona</span> <span class='ocrx_word' id='word_1_202' title='bbox 1745 2037 1755 2056; x_wconf 91' lang='lat'>,</span> 
     </span>
     <span class='ocr_line' id='line_1_25' title="bbox 387 2067 1756 2134; baseline 0.002 -22"><span class='ocrx_word' id='word_1_203' title='bbox 387 2067 532 2131; x_wconf 86' lang='lat' dir='ltr'>inquit</span> <span class='ocrx_word' id='word_1_204' title='bbox 549 2106 560 2125; x_wconf 93' lang='lat'>,</span> <span class='ocrx_word' id='word_1_205' title='bbox 605 2071 872 2115; x_wconf 88' lang='lat' dir='ltr'>continentia</span> <span class='ocrx_word' id='word_1_206' title='bbox 888 2107 898 2126; x_wconf 94' lang='lat'>,</span> <span class='ocrx_word' id='word_1_207' title='bbox 939 2071 1144 2134; x_wconf 77' lang='lat' dir='ltr'>quaedam</span> <span class='ocrx_word' id='word_1_208' title='bbox 1186 2071 1305 2117; x_wconf 82' lang='lat' dir='ltr'>velut</span> <span class='ocrx_word' id='word_1_209' title='bbox 1349 2071 1528 2134; x_wconf 90' lang='lat' dir='ltr'>crepido</span> <span class='ocrx_word' id='word_1_210' title='bbox 1566 2070 1756 2134; x_wconf 85' lang='lat' dir='ltr'>pietatis.</span> 
     </span>
     <span class='ocr_line' id='line_1_26' title="bbox 389 2138 1763 2215; baseline 0.001 -32"><span class='ocrx_word' id='word_1_211' title='bbox 389 2138 586 2215; x_wconf 84' lang='lat' dir='ltr'>Namque</span> <span class='ocrx_word' id='word_1_212' title='bbox 608 2139 653 2184; x_wconf 89' lang='lat' dir='ltr'>in</span> <span class='ocrx_word' id='word_1_213' title='bbox 669 2140 926 2202; x_wconf 77' lang='lat' dir='ltr'>praecipitiis</span> <span class='ocrx_word' id='word_1_214' title='bbox 954 2141 1058 2185; x_wconf 85' lang='lat' dir='ltr'>vitae</span> <span class='ocrx_word' id='word_1_215' title='bbox 1083 2141 1216 2200; x_wconf 90' lang='lat' dir='ltr'>hujus</span> <span class='ocrx_word' id='word_1_216' title='bbox 1231 2141 1473 2186; x_wconf 88' lang='lat' dir='ltr'>labentium</span> <span class='ocrx_word' id='word_1_217' title='bbox 1497 2141 1646 2186; x_wconf 83' lang='lat' dir='ltr'>statuit</span> <span class='ocrx_word' id='word_1_218' title='bbox 1665 2156 1763 2186; x_wconf 83' lang='lat' dir='ltr'>ves-</span> 
     </span>
     <span class='ocr_line' id='line_1_27' title="bbox 386 2208 1756 2290; baseline 0.001 -38"><span class='ocrx_word' id='word_1_219' title='bbox 386 2208 517 2267; x_wconf 88' lang='lat' dir='ltr'>tigia·</span> <span class='ocrx_word' id='word_1_220' title='bbox 507 2244 518 2261; x_wconf 90' lang='lat'>,</span> <span class='ocrx_word' id='word_1_221' title='bbox 561 2210 821 2271; x_wconf 85' lang='lat' dir='ltr'>speculatrix</span> <span class='ocrx_word' id='word_1_222' title='bbox 859 2209 1039 2266; x_wconf 89' lang='lat' dir='ltr'>sedula,</span> <span class='ocrx_word' id='word_1_223' title='bbox 1079 2229 1132 2256; x_wconf 89' lang='lat' dir='ltr'>ne</span> <span class='ocrx_word' id='word_1_224' title='bbox 1172 2211 1281 2274; x_wconf 90' lang='lat' dir='ltr'>quid</span> <span class='ocrx_word' id='word_1_225' title='bbox 1310 2212 1502 2290; x_wconf 85' lang='lat' dir='ltr'>obrepat</span> <span class='ocrx_word' id='word_1_226' title='bbox 1540 2210 1756 2256; x_wconf 88' lang='lat' dir='ltr'>illicitum.</span> 
     </span>
     <span class='ocr_line' id='line_1_28' title="bbox 390 2278 1764 2343; baseline 0.002 -22"><span class='ocrx_word' id='word_1_227' title='bbox 390 2278 530 2322; x_wconf 86' lang='lat' dir='ltr'>Mater</span> <span class='ocrx_word' id='word_1_228' title='bbox 547 2289 689 2323; x_wconf 84' lang='lat' dir='ltr'>autem</span> <span class='ocrx_word' id='word_1_229' title='bbox 706 2280 915 2324; x_wconf 69' lang='lat' dir='ltr'>xitiorum</span> <span class='ocrx_word' id='word_1_230' title='bbox 938 2281 1133 2325; x_wconf 88' lang='lat' dir='ltr'>omnium</span> <span class='ocrx_word' id='word_1_231' title='bbox 1154 2281 1498 2336; x_wconf 87' lang='lat' dir='ltr'>incontinentia,</span> <span class='ocrx_word' id='word_1_232' title='bbox 1517 2297 1616 2343; x_wconf 86' lang='lat' dir='ltr'>quae</span> <span class='ocrx_word' id='word_1_233' title='bbox 1635 2280 1764 2324; x_wconf 90' lang='lat' dir='ltr'>etiam</span> 
     </span>
     <span class='ocr_line' id='line_1_29' title="bbox 386 2345 1762 2413; baseline 0.003 -23"><span class='ocrx_word' id='word_1_234' title='bbox 386 2345 505 2391; x_wconf 88' lang='lat' dir='ltr'>licita</span> <span class='ocrx_word' id='word_1_235' title='bbox 536 2364 611 2392; x_wconf 65' lang='lat' dir='ltr'>xe}</span> <span class='ocrx_word' id='word_1_236' title='bbox 617 2359 665 2392; x_wconf 84' lang='lat' dir='ltr'>tit</span> <span class='ocrx_word' id='word_1_237' title='bbox 689 2349 734 2393; x_wconf 90' lang='lat' dir='ltr'>in</span> <span class='ocrx_word' id='word_1_238' title='bbox 764 2349 932 2396; x_wconf 85' lang='lat' dir='ltr'>vitium.</span> <span class='ocrx_word' id='word_1_239' title='bbox 965 2350 1154 2412; x_wconf 84' lang='lat' dir='ltr'>Ideoque</span> <span class='ocrx_word' id='word_1_240' title='bbox 1186 2350 1419 2413; x_wconf 79' lang='lat' dir='ltr'>Apostolus</span> <span class='ocrx_word' id='word_1_241' title='bbox 1451 2367 1539 2395; x_wconf 89' lang='lat' dir='ltr'>non</span> <span class='ocrx_word' id='word_1_242' title='bbox 1569 2349 1708 2395; x_wconf 88' lang='lat' dir='ltr'>solum</span> <span class='ocrx_word' id='word_1_243' title='bbox 1741 2367 1762 2394; x_wconf 89' lang='lat' dir='ltr'>a</span> 
     </span>
     <span class='ocr_line' id='line_1_30' title="bbox 385 2415 1761 2483; baseline 0.004 -23"><span class='ocrx_word' id='word_1_244' title='bbox 385 2415 671 2463; x_wconf 85' lang='lat' dir='ltr'>fornicatione</span> <span class='ocrx_word' id='word_1_245' title='bbox 688 2435 764 2463; x_wconf 88' lang='lat' dir='ltr'>nos</span> <span class='ocrx_word' id='word_1_246' title='bbox 795 2421 978 2464; x_wconf 82' lang='lat' dir='ltr'>retrahit</span> <span class='ocrx_word' id='word_1_247' title='bbox 999 2458 1010 2476; x_wconf 92' lang='lat'>,</span> <span class='ocrx_word' id='word_1_248' title='bbox 1043 2421 1326 2465; x_wconf 77' lang='lat' dir='ltr'>verumetiam</span> <span class='ocrx_word' id='word_1_249' title='bbox 1350 2421 1395 2465; x_wconf 85' lang='lat' dir='ltr'>in</span> <span class='ocrx_word' id='word_1_250' title='bbox 1419 2421 1522 2483; x_wconf 83' lang='lat' dir='ltr'>ipsis</span> <span class='ocrx_word' id='word_1_251' title='bbox 1549 2421 1761 2480; x_wconf 86' lang='lat' dir='ltr'>conjugiis</span> 
     </span>
     <span class='ocr_line' id='line_1_31' title="bbox 386 2486 1753 2554; baseline 0.004 -24"><span class='ocrx_word' id='word_1_252' title='bbox 386 2486 568 2532; x_wconf 89' lang='lat' dir='ltr'>modum</span> <span class='ocrx_word' id='word_1_253' title='bbox 586 2488 821 2551; x_wconf 87' lang='lat' dir='ltr'>quemdam</span> <span class='ocrx_word' id='word_1_254' title='bbox 848 2489 1004 2544; x_wconf 88' lang='lat' dir='ltr'>docet,</span> <span class='ocrx_word' id='word_1_255' title='bbox 1026 2501 1067 2535; x_wconf 90' lang='lat' dir='ltr'>et</span> <span class='ocrx_word' id='word_1_256' title='bbox 1097 2501 1290 2554; x_wconf 84' lang='lat' dir='ltr'>tempora</span> <span class='ocrx_word' id='word_1_257' title='bbox 1315 2491 1567 2553; x_wconf 65' lang='lat' dir='ltr'>praescribit</span> <span class='ocrx_word' id='word_1_258' title='bbox 1586 2490 1753 2536; x_wconf 87' lang='lat' dir='ltr'>orandi.</span> 
     </span>
    </p>
   </div>
   <div class='ocr_carea' id='block_1_3' title="bbox 436 2568 1818 2630">
    <p class='ocr_par' dir='ltr' id='par_1_4' title="bbox 436 2568 1818 2630">
     <span class='ocr_line' id='line_1_32' title="bbox 436 2568 1818 2630; baseline 0.003 -14"><span class='ocrx_word' id='word_1_259' title='bbox 436 2584 620 2617; x_wconf 75' lang='lat' dir='ltr'>¹Ambrosii</span> <span class='ocrx_word' id='word_1_260' title='bbox 640 2585 696 2617; x_wconf 74' lang='lat' dir='ltr'>lib.</span> <span class='ocrx_word' id='word_1_261' title='bbox 714 2586 752 2617; x_wconf 81' lang='lat' dir='ltr'>de</span> <span class='ocrx_word' id='word_1_262' title='bbox 767 2587 925 2629; x_wconf 80' lang='lat' dir='ltr'>Paradiso,</span> <span class='ocrx_word' id='word_1_263' title='bbox 942 2598 1010 2630; x_wconf 80' lang='lat' dir='ltr'>cap.</span> <span class='ocrx_word' id='word_1_264' title='bbox 1035 2599 1082 2620; x_wconf 84' lang='lat'>12.</span> <span class='ocrx_word' id='word_1_265' title='bbox 1098 2605 1141 2611; x_wconf 93' lang='lat'>—-</span> <span class='ocrx_word' id='word_1_266' title='bbox 1158 2587 1174 2610; x_wconf 84' lang='lat'><strong>2</strong></span> <span class='ocrx_word' id='word_1_267' title='bbox 1195 2601 1206 2619; x_wconf 86' lang='lat'>1</span> <span class='ocrx_word' id='word_1_268' title='bbox 1227 2591 1303 2622; x_wconf 69' lang='lat' dir='ltr'>Cor.</span> <span class='ocrx_word' id='word_1_269' title='bbox 1321 2600 1379 2627; x_wconf 73' lang='lat' dir='ltr'>vu,</span> <span class='ocrx_word' id='word_1_270' title='bbox 1402 2601 1462 2630; x_wconf 84' lang='lat'>²9·</span> <span class='ocrx_word' id='word_1_271' title='bbox 1475 2607 1520 2613; x_wconf 90' lang='lat'>—</span> <span class='ocrx_word' id='word_1_272' title='bbox 1535 2586 1549 2611; x_wconf 82' lang='grc'><strong>3</strong></span> <span class='ocrx_word' id='word_1_273' title='bbox 1568 2588 1651 2620; x_wconf 80' lang='lat' dir='ltr'>Ibid.</span> <span class='ocrx_word' id='word_1_274' title='bbox 1671 2590 1699 2620; x_wconf 82' lang='lat'>3.</span> <span class='ocrx_word' id='word_1_275' title='bbox 1716 2605 1760 2611; x_wconf 92' lang='lat'>—-</span> <span class='ocrx_word' id='word_1_276' title='bbox 1814 2568 1818 2592; x_wconf 49' lang='lat' dir='ltr'>l</span> 
     </span>
    </p>
   </div>
   <div class='ocr_carea' id='block_1_4' title="bbox 1765 0 1843 3190">
    <p class='ocr_par' dir='ltr' id='par_1_5' title="bbox 1765 0 1843 3190">
     <span class='ocr_line' id='line_1_33' title="bbox 1765 0 1843 3190; baseline 0 0"><span class='ocrx_word' id='word_1_277' title='bbox 1765 0 1843 3190; x_wconf 95' lang='lat' dir='ltr'> </span> 
     </span>
    </p>
   </div>
  </div>
 </body>
</html>
