1843 3190
230 348 405 384 comm
439 346 663 389 ammaum
699 351 1005 399 PELAGIANUQ
1044 352 1131 390 tna.
1175 358 1215 392 v.
1313 340 1406 394 323

35 415 368 483 quomodolibet
393 416 558 476 tradat,
590 430 772 484 propter
789 420 874 468 hoc
894 420 1100 481 tradidit,
1128 433 1307 490 propter
1322 425 1411 474 hoc

37 490 222 544 deseruit
245 507 254 534 :
277 499 318 536 et
334 490 453 543 vides
469 528 479 547 ‚
505 493 597 550 ejus
619 492 890 541 traditionem
909 530 918 549 ‚
940 494 1223 559 qualemlibet
1244 509 1283 543 et
1306 514 1411 560 quo-

36 561 276 615 modolibet
305 560 541 620 intelligaS,
572 579 673 624 quae
696 575 925 611 consecuta
951 566 1049 612 sint.
1088 567 1270 613 Curavit
1296 568 1411 613 enim

43 631 277 694 Apostolus
307 631 449 676 (licere
483 643 645 695 quanta
671 651 804 696 poena
820 635 874 678 sit
898 652 920 679 a
947 636 1036 680 Deo
1061 636 1173 681 tradi
1197 637 1412 699 passioni-

35 702 120 747 bus
150 702 401 762 ignominiae
417 739 427 757 ‚
469 703 556 753 sive
590 703 825 754 deserendo
841 741 851 760 ,
888 705 977 750 sive
1018 706 1100 752 alio
1133 723 1413 770 quocumque

37 772 104 823 vel
129 772 402 835 explicabili,
433 773 501 819 vel
523 773 818 837 inexplicabili
856 776 987 822 modo
1006 813 1017 831 ‚
1051 794 1138 841 quo
1168 777 1273 823 t'acit
1312 778 1410 823 haec

39 859 205 894 summe
227 843 368 894 bonus
391 854 431 888 et
451 843 726 895 ineffabiliter
741 849 882 905 justus
901 846 932 893 1.
964 868 983 887 (ι
1004 848 1112 893 Nam
1132 848 1325 893 foeminae
1346 865 1414 893 eo-

36 924 167 953 »rum
186 945 197 964 ,
227 908 394 971 inquit,
425 909 765 962 immutaverunt
801 911 1040 957 naturalem
1081 929 1206 963 usum
1240 913 1285 963 in
1309 929 1412 961 ¹eum

37 998 58 1018 >2
74 993 198 1032 usum
214 980 288 1040 qui
302 989 363 1023 est
377 989 527 1024 contra
545 990 763 1026 naturam.
789 981 997 1030 Similiter
1017 993 1159 1031 autem
1176 992 1217 1027 et
1234 982 1414 1034 masculi

38 1069 57 1089 >2
77 1047 364 1111 relinquentes
385 1049 624 1103 naturalem
643 1067 768 1096 usum
788 1050 1000 1106 foeminae,
1015 1062 1260 1097 exarserunt
1275 1052 1321 1098 in
1338 1070 1412 1115 ap-

37 1139 57 1161 »
73 1119 260 1181 petitum
280 1136 403 1173 suum
422 1120 466 1164 in
485 1119 689 1177 invicem,
712 1121 894 1166 masculi
911 1121 956 1168 in
974 1121 1188 1170 masculos
1204 1121 1415 1171 deformi-

40 1210 60 1232 »
81 1200 209 1236 tatem
235 1201 458 1252 operantes
475 1226 487 1246 ,
511 1201 552 1235 et
572 1191 813 1236 mercedem
834 1202 1032 1243 mutuam
1055 1208 1188 1254 quam
1222 1192 1417 1254 oportuit

38 1285 59 1302 l)
75 1260 229 1316 erroris
243 1261 308 1305 sui
324 1261 369 1305 in
391 1260 625 1323 semetipsis
638 1262 932 1324 recipientes2.
961 1283 981 1313 >2
1002 1261 1122 1318 Quid
1133 1261 1219 1313 hoc
1235 1261 1417 1315 eviden-

44 1330 127 1381 tius
145 1367 154 1386 ,
174 1330 282 1394 quid
303 1332 490 1393 apertius
504 1367 515 1386 ,
540 1331 647 1393 quid
666 1332 931 1395 expressius?
953 1331 1197 1383 Mercedem
1218 1330 1417 1381 mutuam

36 1401 243 1462 recepisse
255 1400 359 1446 dicit
373 1417 383 1444 ε
400 1400 785 1463 utiquedamnatos
799 1412 846 1446 ut
857 1413 975 1455 tanta
989 1412 1271 1465 operarentur
1281 1402 1416 1448 mala:

36 1481 78 1515 et
94 1481 237 1516 tamen
255 1470 332 1515 ista
348 1470 566 1515 damnatio
585 1471 711 1516 etiam
728 1482 867 1518 reatus
886 1482 965 1528 est,
983 1474 1069 1534 quo
1085 1472 1256 1531 gravius
1272 1473 1419 1536 impli-

35 1552 203 1589 cantur.
236 1542 301 1585 lta
327 1552 367 1586 et
387 1551 566 1604 peccata
582 1552 682 1588 sunt
700 1542 806 1598 ista,
832 1553 873 1587 et
904 1558 1046 1605 poenae
1069 1542 1416 1604 praecedentium

32 1623 328 1674 peccatorum.
352 1613 405 1655 Et
423 1611 543 1673 quod
554 1623 614 1657 est
630 1612 891 1668 mirabilius,
909 1612 1033 1664 etiam
1049 1616 1288 1674 oportuisse
1306 1612 1413 1665 dicit

32 1698 101 1727 eos
115 1681 238 1728 istam
257 1693 452 1727 mutuam
468 1682 707 1727 mercedem
722 1683 923 1745 recipere.
949 1683 1015 1726 Ita
1040 1699 1081 1726 se
1103 1682 1406 1734 habentetiam

32 1753 252 1816 superiora
274 1752 405 1798 verba
425 1752 637 1815 Apostoli,
652 1753 853 1816 quaeipse
869 1751 1065 1816 posuisti.
1094 1771 1114 1792 «
1135 1753 1406 1806 liiimutave-

33 1845 53 1865 »
71 1834 173 1877 runt
193 1822 375 1882 gloriani
394 1823 740 1886 incorruptibilis
758 1824 891 1868 Deiin
914 1821 1243 1877 similitudinem
1257 1824 1408 1885 imagi-

33 1915 54 1935 »
74 1895 139 1939 nis
158 1893 454 1956 corruptibilis
480 1893 669 1947 hominis
687 1931 699 1951 ,
721 1904 762 1939 et
786 1893 1015 1940 volucrum
1033 1930 1044 1949 ‚
1074 1902 1115 1944 et
1155 1894 1410 1958 quadrupe-

33 1965 174 2010 »dum
190 2002 200 2021 ‚
215 1976 257 2010 et
271 1965 550 2028 serpentium.
576 1967 761 2028 Propter
777 1965 896 2028 quod
913 1963 1096 2010 tradidit
1110 1964 1206 2010 illos
1227 1966 1341 2012 Deus
1363 1967 1409 2012 in

0 2067 1 2080 2
35 2035 277 2081 »desideria
310 2035 454 2080 cordis
484 2052 635 2082 eorum
660 2036 705 2082 in
735 2034 1059 2087 immunditiam
1076 2034 1092 2062 3
1114 2052 1124 2079 ς
1149 2055 1170 2075 >>
1191 2046 1233 2081 et
1251 2046 1407 2088 caetera

33 2123 132 2169 quae
151 2117 404 2170 sequuntur.
433 2107 487 2153 Et
503 2106 577 2151 hic
593 2107 744 2170 utique
757 2105 874 2152 vides
889 2122 1060 2151 eausam
1074 2116 1257 2168 propter
1274 2122 1405 2169 quam

33 2176 180 2229 traditi
220 2187 341 2230 sunt,
375 2176 462 2221 sine
499 2175 587 2220 ulla
627 2176 906 2236 ambiguitate
944 2186 1241 2221 monstratam.
1289 2177 1406 2225 Dixit

30 2248 198 2312 quippe
231 2247 339 2311 quid
374 2247 475 2292 mali
490 2258 586 2292 ante
601 2247 820 2303 fecissent,
849 2257 890 2292 et
918 2246 1142 2306 adjunxit:
1181 2268 1200 2288 «
1219 2249 1407 2312 Propter

0 2323 1 2326 ’
32 2320 190 2384 »quod
227 2317 407 2364 tradidit
435 2317 531 2363 illos
565 2319 680 2364 Deus
702 2319 749 2364 in
773 2317 980 2363 desideria
1011 2317 1153 2362 cordis
1186 2335 1353 2366 eorum.
1379 2341 1401 2362 2>

32 2391 218 2443 Proinde
231 2388 515 2452 praecedentis
528 2398 589 2433 est
602 2388 699 2435 haec
711 2406 845 2453 poena
866 2388 1046 2451 peccati:
1059 2398 1099 2433 et
1115 2399 1258 2436 tamen
1274 2391 1403 2439 etiam

31 2463 123 2525 ipsa
144 2470 370 2524 peccatum
386 2469 463 2514 est,
486 2458 605 2522 quod
623 2459 766 2505 verbis
790 2458 1152 2521 consequentibus
1174 2459 1374 2522 explicat.

96 2533 175 2577 xl.
213 2529 298 2576 Sed
328 2541 371 2575 tu
397 2539 547 2581 contra
580 2529 810 2586 disserens,
836 2546 886 2575 eo
912 2528 1045 2578 modo
1063 2529 1143 2575 tibi
1164 2529 1322 2578 videris
1342 2532 1403 2577 is-

80 2632 91 2654 1
119 2631 202 2663 Vide
218 2631 275 2663 lib.
296 2630 334 2661 de
352 2629 461 2662 Gratia
478 2634 510 2660 et
524 2629 637 2661 Libero
657 2629 768 2663 arbitr.
787 2640 857 2673 cap.
881 2641 922 2661 20
941 2635 971 2662 et
984 2641 1039 2662 21.
1053 2646 1097 2653 —
1111 2628 1234 2664 2Rom.
1257 2643 1284 2669 1,
1301 2643 1403 2672 27.—

33 2685 47 2711 3
64 2689 148 2722 lbid.
171 2689 211 2719 23
232 2693 262 2719 et
281 2691 333 2723 24.

1199 2752 1271 2784 21.
