1843 3190
335 296 429 347 306
758 309 793 340 S.
835 309 1080 341 Aueusnm
1114 309 1318 341 EPlscOPl

330 375 399 422 nis
419 374 467 421 fit
481 411 493 431 ,
523 381 572 420 ut
585 373 805 420 interdum
825 384 986 419 veteres
1007 373 1095 431 illi,
1118 374 1208 421 sive
1223 386 1368 432 vates,-
1391 375 1478 423 sive
1499 375 1546 423 in
1578 377 1710 426 ‘sacris

330 444 551 508 initiisque
571 443 792 489 tradendis
809 443 971 490 divinae
987 445 1141 490 mentis
1155 445 1410 509 interpretes
1428 483 1439 503 ,
1460 446 1538 510 qui
1555 463 1632 493 nos
1649 448 1708 494 ob

332 515 479 578 aliqua
507 513 665 561 scelera
683 525 883 577 suscepta
901 515 946 559 in
962 515 1052 560 vita
1075 516 1292 578 superiore
1305 553 1317 572 ‚
1339 530 1573 579 poenarum
1589 517 1711 564 luen-

332 584 489 631 darum
509 600 638 630 causa
654 593 777 630 natos
800 602 887 630 esse
909 584 1136 642 dixerunt,
1165 586 1332 650 aliquid
1351 585 1509 633 vidisse
1525 587 1709 634 videati-

330 667 404 702 tur
427 673 438 700 t
463 671 701 718 verumque
724 655 777 701 sit
796 655 907 701 illud
931 656 1053 718 quod
1075 667 1137 702 est
1160 657 1279 720 apud
1313 657 1612 713 Aristotelem,
1646 658 1707 704 si*

329 725 425 772 mili
444 741 523 770 nos
544 725 719 770 affectos
743 731 840 770 esse‘
853 725 1071 788 supplicio
1090 763 1102 782 ,
1130 737 1260 790 atque
1277 744 1346 773 eos
1365 729 1442 790 qui
1461 727 1702 791 quondam,

331 812 432 842 cum
450 795 496 841 in
515 795 778 858 praedonum
804 796 1118 841 Hetruscorum
1140 813 1294 842 manus
1312 796 1586 852 incidissent,
1607 810 1705 843 cru·

328 864 504 911 delitate
544 865 784 924 excogitata
822 866 1117 922 necabantur,
1154 883 1342 929 quorum
1385 883 1571 930 corpora
1605 867 1706 914 viva

328 946 431 981 curn
448 935 630 981 mortuis
646 971 658 990 ‚
686 934 861 981 adversa
885 934 1074 981 adverSIS
1093 936 1423 983 accommodata
1441 974 1453 994 ,
1474 953 1611 1001 quam
1631 949 1705 1000 ap*-

329 1006 490 1052 tissime
503 1005 852 1065 colligabantur3
873 1007 934 1052 sic
952 1018 1119 1053 nostros
1143 1008 1308 1053 animos
1325 1025 1426 1053 cum
1446 1006 1705 1071 corporibus

331 1077 576 1140 copulatos,
597 1087 643 1122 ut
659 1076 780 1123 vivos
796 1093 896 1123 cum
914 1077 1096 1123 mortuis
1113 1095 1200 1123 esse
1216 1082 1490 1137 conjunctos.
1511 1099 1533 1120 >³
1552 1078 1705 1123 Nonne

327 1148 432 1210 quia
455 1148 535 1194 ista
553 1157 798 1201 senserunt,
821 1147 960 1192 multo
986 1164 1119 1210 quam
1145 1159 1192 1193 tu
1221 1148 1371 1193 melius
1392 1164 1520 1208 grave
1547 1151 1705 1207 jugum

328 1234 460 1280 super
476 1217 587 1262 filios
607 1216 748 1263 Adam
765 1227 806 1263 et
820 1217 899 1262 Dei
917 1217 1158 1280 potentiam
1168 1219 1468 1282 justitiamque
1481 1217 1701 1274 viderunt,

326 1288 492 1334 etiamsi
512 1287 718 1347 gratiam,
753 1305 852 1350 quee
875 1305 954 1351 per
978 1289 1263 1334 Mediatorem
1289 1288 1528 1335 liberandis
1555 1289 1706 1334 homi-

327 1358 459 1404 nibus
481 1374 680 1403 concessa
701 1368 764 1402 est
780 1394 791 1412 ,
815 1375 902 1403 non
932 1358 1162 1404 viderunt?
1187 1360 1300 1404 Ecce
1317 1374 1396 1418 ego
1420 1358 1566 1404 inveni
1585 1356 1705 1421 quod

326 1427 409 1472 tibi
428 1427 482 1472 de
514 1427 599 1472 illis
618 1427 843 1487 gentilium
866 1427 1242 1491 philosophorum
1267 1428 1420 1474 litteris
1454 1428 1592 1491 possit
1607 1431 1706 1488 Jure

324 1497 554 1560 praeponi,
585 1507 628 1543 te
656 1497 910 1558 instigante,
948 1498 1025 1561 qui
1058 1498 1110 1545 de
1145 1497 1230 1544 illis
1264 1498 1378 1544 nihil
1401 1498 1485 1544 tale
1514 1498 1707 1545 invenire

323 1568 509 1631 potuisti
527 1605 539 1623 ‚
562 1578 604 1614 et
617 1578 667 1614 ut
684 1585 752 1614 me
765 1568 1018 1616 admoneres
1033 1568 1154 1633 quod
1171 1569 1376 1617 adversus
1389 1580 1430 1615 te
1446 1568 1702 1624 invenirem,

331 1649 472 1685 tacere
488 1639 680 1686 noluisti.

391 1709 592 1756 LXXIX.
625 1708 746 1765 Quid
765 1708 886 1772 quod
905 1708 959 1756 de
980 1710 1181 1774 Apostoli
1195 1709 1441 1757 testimonio
1461 1725 1544 1772 pro
1561 1719 1603 1754 te
1619 1724 1706 1754 esse

324 1778 558 1835 existimas,
588 1779 709 1842 quod
737 1790 798 1825 est
825 1792 979 1826 contra
1012 1792 1080 1835 te3
1116 1793 1159 1827 et
1181 1782 1377 1827 membra
1406 1776 1579 1836 nostra,
1604 1788 1705 1842 quae

326 1849 478 1911 utique
499 1860 597 1894 ante
621 1860 855 1912 peccatum
876 1850 996 1896 nuda
1016 1863 1158 1908 erant,
1185 1868 1263 1897 nec
1288 1849 1619 1896 confundebant
1635 1865 1705 1894 eos

324 1918 487 1983 quibus
525 1919 724 1976 inerant,
765 1919 976 1982 pudenda
1009 1921 1139 1967 fuisse
1176 1921 1349 1978 asseris,
1379 1920 1573 1967 nesciens
1596 1917 1704 1982 quid

324 1989 549 2052 loquaris?
570 1990 661 2049 Ego
684 1990 799 2035 enim
824 1991 960 2037 debui
983 1991 1195 2038 adhibere
1231 1990 1547 2046 testimonium,
1583 1987 1704 2052 quod

325 2059 417 2121 ipse
439 2058 703 2117 adhibuisti,
730 2060 808 2106 ubi
829 2062 888 2106 ait
923 2061 1160 2125 Apostolus
1183 2080 1194 2107 ι
1230 2082 1250 2103 «
1270 2062 1412 2107 Multo
1444 2059 1579 2119 magis
1602 2074 1704 2122 quae

325 2127 530 2175 videntur
562 2130 735 2175 infirma
773 2147 862 2176 esse
896 2132 1091 2195 corporis
1131 2132 1292 2188 nostri,
1332 2131 1432 2177 haec
1468 2128 1704 2175 necessaria

327 2199 457 2245 suntl
477 2219 489 2253 ·,-
510 2221 530 2241 »
572 2211 612 2246 et
650 2211 804 2246 caetera
839 2218 939 2264 quae
978 2219 1059 2265 pro
1092 2203 1218 2248 nobis
1250 2202 1342 2265 ipse
1375 2199 1572 2264 posuisti.
1619 2197 1704 2245 Sed

329 2285 473 2331 operae
491 2270 680 2331 pretium
701 2281 762 2316 est
784 2271 1056 2318 considerare
1071 2308 1084 2328 ,
1110 2271 1332 2335 quomodo
1367 2288 1417 2317 eo
1437 2269 1598 2318 veneris
1614 2305 1626 2324 ,
1655 2278 1704 2314 ut

328 2338 428 2384 haec
451 2338 628 2388 diceres.
660 2362 680 2381 c<
698 2341 722 2385 J
729 2359 799 2386 an}
822 2342 955 2400 igitur
971 2378 982 2398 ,
1010 2342 1154 2405 inquis
1174 2379 1186 2397 ,
1216 2353 1388 2404 tempus
1406 2351 1467 2387 est
1484 2350 1534 2386 ut
1556 2349 1702 2384 osten-

330 2407 485 2453 damus
506 2418 621 2454 extra
642 2420 809 2456 naturae
823 2411 1118 2456 testimonium
1134 2411 1262 2456 etiam
1278 2411 1422 2473 aliqua
1446 2408 1702 2456 auctoritate

330 2477 434 2538 legis
451 2515 464 2536 ,
490 2479 551 2524 sic
568 2490 712 2525 nostra
729 2481 923 2526 membra
945 2481 1073 2527 fuisse
1088 2481 1272 2527 formata
1288 2519 1299 2533 ,
1322 2492 1372 2527 ut
1393 2480 1473 2527 alia
1491 2495 1701 2528 verecun-

331 2547 404 2595 dia
419 2583 432 2605 ,
463 2548 545 2595 alia
579 2548 779 2597 libertate
799 2549 1051 2609 gauderent.
1083 2552 1153 2600 Ad
1174 2550 1295 2615 quod
1317 2548 1671 2599 confirmandum
1684 2584 1697 2606 ,

381 2631 392 2652 ¹
418 2642 430 2661 1
452 2633 528 2663 Cor.
547 2640 608 2668 xxx,
628 2642 684 2666 22,
