1843 3190
324 371 502 403 CONTRA
534 370 762 402 JULIANEM
799 370 1101 402 PELAGIANUM.
1142 371 1232 402 LIB.
1270 372 1331 403 IV.
1410 374 1501 421 299

125 440 268 487 nihilo
303 437 518 484 remissius
553 435 768 482 audiendo
803 437 1076 500 dicendoque
1107 438 1419 502 colloquimur,
1464 450 1507 485 et

127 509 246 575 quod
266 525 389 555 nosse
408 507 470 552 rel
492 506 678 552 recolere
709 506 908 553 volumus
926 544 938 563 ,
964 508 1248 554 intentissime
1269 509 1446 554 omnino
1472 509 1506 554 si

127 581 254 627 nobis
272 580 439 639 legatur
459 578 711 640 accipimus.
744 577 825 623 llla
839 595 939 624 vero
964 595 1044 641 pro
1069 595 1154 641 qua
1182 597 1352 625 mecum
1375 579 1506 624 tantis

131 650 484 698 contentionibus
503 648 645 709 litigas
664 685 673 704 ,
697 648 824 694 etiam
847 649 1024 711 quando
1046 649 1100 694 ad
1124 666 1218 694 eam
1235 650 1353 695 bona
1369 650 1506 695 inten-

131 722 248 768 tione
265 758 276 777 ,
316 721 404 766 hoc
446 729 509 765 est
523 756 536 776 ,
581 735 711 764 causa
740 719 1042 782 propagandae
1084 719 1218 783 prolis
1254 718 1502 773 acceditur;

130 803 274 854 tamen
293 791 338 837 in
361 791 456 854 ipso
482 807 610 854 opere
634 807 710 835 suo
731 827 742 847 ‚
785 807 915 853 quem
950 790 1164 853 permittit
1200 789 1393 852 aliquid,
1420 806 1509 834 non

129 863 229 910 dico
258 862 504 926 sapientiae‚
527 861 602 907 sed
626 860 860 920 cujuslibet
877 860 937 906 rei
959 860 1076 906 aliud
1104 861 1323 920 cogitare?
1353 861 1508 906 Nonne

127 934 324 980 illitotus
347 933 515 978 animus
545 942 587 977 et
619 949 780 995 corpus
811 931 1097 994 impenditur,
1131 942 1173 976 et
1199 931 1336 994 ipsius
1358 930 1512 976 mentis

129 1003 320 1068 quadam
365 1002 661 1047 submersione
707 1001 817 1047 illud
860 1012 1096 1047 extremum
1141 1005 1232 1061 ejus
1271 1001 1511 1064 impletur?

132 1075 247 1120 Cum
262 1090 363 1119 vero
381 1072 519 1119 vincit
543 1072 673 1117 etiam
693 1075 966 1132 conjugatos,
989 1082 1038 1117 ut
1055 1089 1143 1117 non
1162 1070 1508 1134 propagationis,

132 1144 206 1191 sed
230 1143 525 1189 delectationis
560 1142 747 1188 carnalis
788 1142 1030 1205 cupiditate
1063 1141 1347 1199 misceantur,
1392 1140 1513 1204 quod

132 1215 366 1278 Apostolus
389 1213 629 1260 secundum
658 1213 826 1260 veniam
845 1250 856 1269 ,
893 1230 982 1259 non
1011 1212 1251 1258 secundum
1281 1212 1515 1275 imperium

132 1303 174 1331 se
199 1285 351 1331 dixisse
378 1284 608 1341 testatur13
633 1285 694 1330 ita
715 1285 823 1330 hinc
844 1284 1096 1344 emergitur,
1118 1295 1161 1330 et
1190 1284 1314 1348 quasi
1328 1284 1376 1329 in
1393 1291 1516 1328 auras

133 1356 408 1417 cogitationis
432 1367 533 1419 post
556 1355 679 1401 illum
704 1355 915 1415 gurgitem
943 1354 1200 1417 respiratur,
1227 1362 1276 1398 ut
1297 1354 1375 1398 fiat
1404 1370 1515 1398 con—

134 1444 314 1491 sequens
330 1463 341 1483 ,
361 1426 483 1490 quod
510 1443 662 1473 verum
682 1427 741 1471 ait
766 1425 946 1488 quidam
962 1463 972 1481 ,
1001 1436 1042 1470 et
1062 1423 1310 1488 poenitendi
1335 1439 1436 1486 quae
1456 1432 1519 1468 est

135 1516 237 1544 cum
256 1498 478 1561 Voluptate
496 1497 710 1544 vicinitas.
740 1497 848 1553 Quis
863 1513 963 1557 ergo
981 1507 1149 1542 amator
1169 1494 1372 1559 spiritalis
1390 1494 1516 1543 boni,

135 1569 266 1615 etiam
290 1569 379 1614 sola
402 1585 529 1614 causa
553 1568 712 1613 sobolis
733 1571 1007 1628 conjugatus,
1046 1584 1134 1612 non
1166 1555 1314 1611 mallet
1332 1564 1399 1610 vel
1429 1563 1519 1609 sine

134 1640 215 1686 ista
237 1640 273 1685 si
289 1649 449 1703 posset,
469 1639 536 1684 vel
551 1639 640 1683 sine
658 1649 745 1683 tam
772 1655 929 1698 magna
946 1638 989 1684 vi
1013 1641 1104 1697 ejus
1127 1636 1238 1682 filios
1257 1630 1518 1698 procreare?

137 1710 271 1768 Quod
287 1728 387 1770 ergo
407 1709 588 1755 mallent
607 1709 743 1754 sancti
763 1713 967 1769 conjuges
994 1708 1039 1753 in
1063 1708 1147 1753 hac
1170 1708 1258 1753 vita
1273 1742 1285 1763 ,
1313 1716 1422 1768 puto
1441 1721 1519 1751 nos

135 1780 222 1826 hoc
246 1779 402 1826 debere
418 1779 472 1825 de
491 1779 565 1824 illa
588 1779 778 1842 paradisi
803 1780 890 1825 vita
908 1816 918 1835 ,
948 1795 1048 1842 quae
1078 1777 1216 1823 multo
1237 1776 1390 1822 melior
1407 1786 1516 1832 erat,

137 1851 311 1897 credere
329 1887 339 1906 ‚
362 1851 396 1895 si
414 1849 527 1895 nihil
545 1850 696 1895 melius
718 1850 818 1896 inde
837 1866 1066 1913 possumus
1091 1849 1294 1908 cogitare.

203 1921 387 1967 LXXII.
437 1920 632 1965 Obsecro
668 1931 732 1976 te,
768 1937 856 1965 non
891 1920 946 1964 sit
984 1919 1208 1964 honestior
1236 1915 1521 1980 philosophia

139 1993 333 2052 gentium
351 2028 363 2047 ,
385 2007 518 2054 quam
539 2001 687 2036 nostra
705 1989 941 2035 christiana
955 2026 966 2045 ,
986 2005 1086 2052 quae
1104 2005 1190 2034 una
1208 1997 1270 2033 est
1300 2003 1399 2032 vera
1422 1986 1526 2049 phi-

138 2062 341 2126 losophia
359 2099 370 2119 ,
440 2061 766 2124 uandoquidem
804 2059 997 2106 studium
1031 2056 1100 2105 vel
1137 2075 1259 2104 amor
1294 2056 1521 2120 sapientias

140 2080 514 2193 significaturdaoc
532 2132 722 2178 nomine.
746 2131 856 2176 Vide
873 2130 987 2176 enim
1004 2129 1113 2193 quid
1129 2129 1175 2173 in
1195 2126 1415 2173 Hortensii
1432 2126 1524 2171 dia-

140 2202 240 2263 logo
260 2203 378 2249 dicat
403 2202 573 2248 Tullius
591 2221 602 2255 3
629 2218 730 2264 quae
754 2201 889 2261 magis
908 2200 1043 2247 verba
1065 2210 1106 2244 te
1125 2198 1337 2244 delectare
1356 2197 1524 2242 debue—

141 2284 267 2330 rant,
291 2290 423 2336 quam
453 2272 580 2318 Balbi
607 2275 855 2317 Stoicorum
883 2281 1027 2333 partes
1063 2268 1224 2330 agentis
1247 2285 1259 2312 :
1290 2283 1393 2331 quae
1423 2266 1526 2311 licet

142 2356 244 2392 vera
258 2380 270 2400 ‚
291 2356 434 2390 tamen
457 2343 510 2389 de
536 2353 661 2406 parte
683 2342 875 2388 hominis
888 2341 1105 2396 inferiore,
1130 2339 1218 2385 hoc
1241 2349 1330 2394 est,
1357 2337 1410 2383 de
1431 2354 1526 2383 cor-

143 2433 250 2479 pore
271 2415 477 2471 fuerunt,
498 2424 540 2459 et
563 2424 603 2458 te
629 2413 742 2458 nihil
767 2413 974 2473 adjuvare
1000 2420 1254 2475 potuerunt.
1281 2407 1392 2454 Vide
1418 2407 1528 2470 quid

145 2486 223 2532 iste
244 2494 326 2549 pro
350 2485 582 2533 vivacitate
602 2485 757 2530 mentis
776 2494 930 2530 contra
952 2482 1224 2546 voluptatem
1244 2478 1440 2542 corporis
1462 2476 1528 2522 di-

148 2557 268 2604 cat2.
293 2576 314 2599 ε(
333 2559 401 2604 An
422 2573 523 2603 vero
541 2593 553 2613 ,
575 2556 744 2619 inquit,
768 2555 1016 2619 voluptates
1038 2552 1234 2616 'corporis
1256 2547 1524 2613 expetendae,

147 2644 248 2692 quae
266 2644 364 2674 vere
388 2637 430 2673 et
455 2625 638 2686 graviter
657 2644 682 2671 a
710 2626 888 2671 Platone
917 2624 1050 2671 dictae
1083 2632 1185 2669 sunt
1202 2620 1422 2668 illecebrae
1436 2635 1524 2665 esse

197 2710 210 2735 ¹
228 2723 243 2743 1
261 2713 337 2744 Cor.
356 2721 416 2748 vu,
435 2710 469 2743 6.
489 2726 534 2733 —
551 2707 567 2731 ²
582 2708 695 2741 Cicero
710 2707 743 2740 in
756 2706 943 2740 Hortensio.
