1843 3190
13 205 16 221 ι

0 227 16 275 'ss

13 277 17 379 ἔ
267 323 442 358 CONTRA
476 321 701 359 JULIANUM
734 322 1041 366 PELAGIANUM,
1077 322 1166 357 LIB.
1208 325 1241 359 I·
1352 327 1440 378 117

0 399 17 455 q
75 391 237 457 respuis
251 393 540 457 imperitiam?
562 393 608 439 Si
645 392 798 450 sciens,
824 409 902 441 cur
922 411 1012 440 non
1033 393 1283 456 sacrilegam
1301 394 1445 459 depo-

0 459 18 514 l
73 464 139 509 nis
164 464 419 511 audaciam?

135 535 276 581 XXX.
299 535 577 582 Convinceris
588 536 782 600 undique
800 555 809 581 ε
826 536 923 581 luce
939 536 1122 582 clariora
1137 547 1236 582 sunt
1248 537 1445 583 testimo-

70 605 140 651 nia
156 615 275 650 tanta
290 617 552 652 sanctorum.
583 607 636 652 In
654 623 838 669 quorum
852 617 1114 651 conventum
1138 617 1176 651 te
1199 607 1446 652 introduxe-

69 675 151 720 rim
189 675 404 738 conspice.
447 677 531 721 Hic
560 687 621 721 est
649 677 980 722 Mediolanensis
1009 677 1287 732 Ambrosius,
1313 693 1445 739 quem

67 746 266 803 magister
282 755 379 789 tuus
396 746 594 805 Pelagius
612 757 731 790 tanta
751 747 1062 808 praedicatione
1078 746 1290 799 laudavit,
1309 757 1358 791 ut
1379 745 1446 790 di-

15 829 24 1254 ι
66 825 181 860 ceret
202 813 237 869 1,
260 835 280 855 ‹<
302 816 352 859 ln
371 815 492 859 libris
511 820 602 874 ejus
616 817 838 879 praecipue
855 817 987 861 fidem
1010 816 1153 861 lucere
1174 817 1440 872 Romanam,

64 885 139 947 qui
154 885 413 947 scriptorum
428 886 539 931 inter
552 888 728 932 Latinos
742 887 822 932 flos
842 887 1021 950 quidam
1037 887 1255 948 speciosus
1273 885 1445 943 enituit,

61 955 122 1000 ita
158 966 205 1000 ut
230 959 264 1014 ej
275 973 319 1000 us
343 955 474 1001 fidem
515 968 556 1001 ct
584 958 867 1019 purissimum
903 958 947 1002 in
993 957 1231 1019 Scripturis
1272 973 1448 1002 sensum

62 1024 374 1087 reprehendere
395 1042 472 1070 nec
496 1027 697 1070 inimicus
719 1027 909 1072 auderet.
942 1046 961 1066 >2
983 1026 1068 1070 Hic
1085 1037 1146 1070 est
1165 1037 1206 1070 et
1229 1026 1444 1070 Constan-

63 1094 375 1157 tinopolitanus
393 1094 597 1150 Joannes,
622 1112 753 1157 quem
777 1106 823 1140 tu
841 1096 885 1140 in
900 1112 1080 1140 numero
1100 1095 1371 1140 eruditorum
1392 1112 1443 1140 ac

61 1175 310 1210 sanctorum
333 1164 736 1210 excellentissimum
758 1167 803 1210 in
818 1165 903 1210 hac
931 1166 1024 1228 ipsa
1045 1176 1137 1220 tua,
1162 1165 1236 1210 cui
1260 1181 1446 1227 respon-

61 1231 158 1288 deo,
183 1233 472 1296 disputatione
495 1235 694 1297 posuisti.
719 1234 804 1279 Hic
828 1245 891 1280 est
908 1234 1108 1289 Basilum,
1139 1237 1265 1293 cujus
1288 1244 1328 1278 te
1343 1250 1445 1280 ver-

58 1301 125 1345 bis
163 1301 217 1346 ad
257 1302 302 1347 id
324 1303 443 1365 quod
466 1321 584 1349 nunc
610 1304 751 1363 agitur
777 1321 862 1348 non
896 1303 1216 1366 pertinentibus
1233 1340 1244 1358 ,
1281 1302 1448 1366 putasti

19 1346 25 1468 ἱ
60 1371 224 1433 aliquid
242 1372 451 1432 adjuvari.
487 1374 571 1419 Hic
592 1386 695 1420 sunt
715 1385 755 1420 et
779 1375 941 1430 caeteri‚
979 1390 1167 1437 quorum
1204 1384 1245 1418 te
1273 1389 1448 1418 movere

3 1445 25 1488 12.
59 1439 214 1486 debeat
239 1452 356 1486 tanta
376 1444 611 1490 consensio.
635 1445 735 1489 Non
753 1454 814 1489 est
838 1445 936 1499 ista,
965 1446 1075 1488 sicut
1099 1442 1209 1505 stylo
1230 1441 1446 1487 maledico

0 1490 26 1556 ³¹
57 1510 210 1554 scribis
232 1529 242 1555 ε
266 1532 286 1552 (ι
307 1512 582 1574 Conspiratio
596 1513 887 1576 perditorum.
913 1534 933 1554 »
954 1514 1006 1557 In
1021 1512 1211 1556 Ecclesia
1225 1511 1446 1556 catholica

6 1559 26 1642 l
58 1579 269 1632 doctrinae
288 1597 402 1626 sanae
427 1581 578 1626 studiis
596 1582 873 1634 claruerunt3
900 1581 1171 1644 spiritalibus
1189 1580 1315 1624 armis
1339 1596 1444 1625 mu-

0 1664 27 1732 1
56 1649 132 1694 niti
159 1659 201 1694 et
224 1650 409 1695 accincti
436 1661 605 1696 strenua
629 1662 780 1696 contra
795 1652 1025 1696 haerelicos
1052 1650 1167 1695 bella
1192 1659 1438 1709 gesserunt:

55 1719 273 1782 perfuncti
308 1719 492 1765 fideliter
530 1737 618 1766 suae
639 1721 969 1784 dispensationis
991 1719 1219 1765 laboribus
1241 1718 1285 1763 in
1318 1718 1442 1781 pacis

56 1790 215 1847 gremio
243 1788 527 1836 dormierunt.
556 1812 576 1831 «
600 1792 746 1836 Unum
777 1791 887 1836 dicis
905 1806 1138 1850 egressum,
1161 1810 1182 1829 »
1206 1805 1274 1833 me
1294 1788 1442 1850 ipsum

55 1858 298 1917 significans
316 1876 326 1902 ε
347 1880 365 1899 α
382 1860 470 1915 Qui
484 1860 529 1904 in
552 1878 593 1905 se
607 1877 821 1906 summam
848 1860 991 1923 praelii
1013 1859 1137 1903 sitam
1162 1868 1286 1920 optat
1308 1857 1442 1903 intel-

54 1927 129 1987 ligi
144 1928 176 1973 2.
200 1948 220 1969 ³>
247 1929 360 1973 Ecce
384 1946 473 1974 non
487 1947 562 1989 ego
587 1947 716 1985 unus,
744 1930 818 1976 sed
839 1941 903 1975 tot
929 1946 978 1974 ac
1002 1928 1112 1973 tanti
1132 1927 1270 1972 sancti
1293 1925 1438 1971 erudi-

55 1998 176 2059 tique
194 1997 409 2054 doctores,
445 1999 527 2044 tibi
546 2017 629 2062 pro
656 2017 724 2045 me
748 2000 815 2046 vel
838 2016 1028 2054 mecum,
1047 2013 1217 2060 proque
1239 1996 1438 2041 omnium

11 2083 13 2086 ⁴
53 2077 251 2112 nostrum
275 2077 316 2112 et
336 2077 408 2112 tua
430 2067 582 2130 ipsius,
607 2070 641 2114 si
665 2069 796 2132 sapis,
819 2069 956 2114 salute
981 2065 1261 2129 respondent.

4 2124 12 2254 ι
116 2137 280 2183 XXXI.
308 2138 406 2182 Non
429 2138 530 2192 tibi,
557 2138 671 2183 sicut
694 2138 1004 2184 calumniaris:
1045 2157 1065 2176 α
1092 2135 1244 2181 Solum
1275 2131 1441 2196 populi

53 2223 250 2252 murmur
269 2207 533 2270 opponimus
552 2225 563 2252 :
582 2228 602 2249 ›>
625 2225 878 2271 quanquam
901 2218 943 2252 et
959 2209 1054 2269 ipse
1069 2204 1261 2268 populus
1281 2203 1440 2249 adver-

53 2293 121 2322 sus
140 2292 215 2323 Vos
236 2287 467 2339 propterea
495 2289 754 2333 murmuret,
787 2279 890 2340 quia
908 2293 997 2321 non
1026 2286 1088 2321 est
1111 2274 1208 2319 talis
1231 2272 1434 2336 quaestio,

53 2363 150 2409 quae
160 2347 296 2410 possit
309 2347 437 2392 etiam
453 2348 740 2407 cognitionem
759 2347 905 2407 fugere
923 2346 1197 2410 popularem.
1223 2343 1387 2390 Divites
1397 2353 1442 2388 et

51 2433 280 2480 pauperes,
310 2417 462 2462 excelsi
479 2428 606 2481 atque
630 2418 799 2474 infimi,
824 2417 943 2463 docti
963 2428 1005 2462 et
1028 2414 1213 2469 indocti,
1236 2429 1373 2458 mares
1395 2422 1440 2458 et

52 2481 244 2531 foeminae
254 2496 484 2543 noverunt,
502 2486 609 2550 quid
629 2487 788 2550 cuique
803 2487 922 2532 aetati
942 2486 987 2531 in
1004 2485 1269 2548 baptismate
1285 2480 1441 2527 remit-

53 2563 180 2601 tatur.
202 2554 327 2601 Unde
345 2556 473 2601 etiam
495 2567 653 2602 matres
677 2555 871 2619 quotidie
889 2565 980 2602 toto
1000 2555 1104 2600 orbe
1118 2564 1332 2599 terrarum
1347 2564 1439 2603 non

103 2636 115 2658 ¹
129 2636 214 2669 Vide
230 2636 288 2673 lib.
311 2649 342 2672 1.
365 2637 403 2679 de
419 2638 552 2683 Nuptiis
568 2644 599 2672 et
617 2638 889 2682 concupiscentia,
905 2649 934 2674 c.
953 2637 1011 2671 ult.
1028 2654 1071 2661 —
1092 2635 1107 2658 2
1125 2634 1212 2667 Infra
1228 2631 1284 2665 lib.
1303 2632 1337 2678 3,
1369 2647 1371 2649 ·

0 733 6 816 ἐ

2 907 9 949 l

0 971 9 1023 ‚³

0 1027 6 1042 ,,

0 1043 10 1104 ἰ

0 1115 10 1146 fl

0 1181 12 1221 f,

0 1235 17 1279 ³.

0 1303 11 1435 l

2 1737 9 1785 'r

10 2886 20 3076 -m-

11 3078 22 3190 ——un
