1843 3190
333 272 424 317 362
748 285 784 317 s.
826 283 1071 316 anensium
1106 283 1308 316 EPIscom

320 350 580 397 sententiam
608 367 677 396 me
701 366 788 395 non
822 350 1073 396 intellexisse
1096 350 1270 396 dixisti:
1309 364 1390 394 nec
1428 353 1526 394 eam
1565 352 1713 395 tamen

324 422 576 485 exposuisti,
607 431 658 466 ut
682 431 722 465 te
746 420 923 466 doctore
948 435 1186 476 nossemus,
1209 419 1333 484 quod
1363 419 1509 483 aliqua
1533 436 1599 466 res
1613 437 1716 483 pos-

330 493 387 538 sit
409 509 495 537 esse
533 491 682 537 similis
717 491 755 536 ei
787 491 848 536 rei
871 507 971 554 quae
995 508 1083 537 non
1107 491 1182 537 est:
1210 489 1343 548 Quod
1365 490 1399 535 si
1425 489 1636 536 dementis
1655 500 1716 545 est

338 563 500 618 dicere,
527 573 568 607 et
583 578 671 608 s1ne
695 560 833 608 diibio
858 579 959 608 caro
986 562 1152 608 Christi
1183 579 1271 608 non
1300 572 1362 607 est
1387 575 1488 606 caro
1523 561 1711 624 peccati,

335 632 408 679 sed
434 632 582 678 similis
596 631 717 678 car'ni
737 633 926 696 peccati3
954 633 1063 697 quid
1085 643 1215 678 restat
1234 643 1283 678 ut
1302 631 1608 692 intelligamus,
1635 631 1716 677 nisi

336 719 387 748 ea
411 708 588 765 excepta
602 718 773 748 omnem
800 700 1010 766 reliquam
1038 701 1276 748 humanam
1294 716 1468 747 carnem
1496 718 1582 747 esse
1606 709 1717 764 p‘ec-

336 773 450 819 cati?
477 774 532 817 Et
549 773 656 818 hinc
694 784 877 836 apparet
899 773 1017 818 illam
1037 772 1459 835 concupiscentiam,
1488 789 1568 835 per
1587 787 1720 835 quam

334 842 537 888 Christus
563 843 739 906 concipi
766 842 928 898 noluit,
964 841 1113 888 fecisse
1149 842 1194 887 in·
1219 856 1370 902 genere
1403 841 1598 887 humano
1613 856 1722 904 pro-

335 912 539 976 paginem
557 912 662 958 mali
691 930 702 958 :
729 912 832 976 quia
852 912 1004 958 Mariae
1025 910 1185 976 corpus
1202 910 1514 975 quamvisinde
1534 910 1721 969 venerit,

334 992 483 1027 tamen
507 999 603 1027 eam
625 998 714 1028 non
738 982 911 1042 trajecit
945 983 996 1028 in
1019 997 1199 1046 corpus,
1235 980 1355 1046 quod
1381 992 1471 1026 non
1492 979 1594 1027 inde
1613 997 1724 1027 con-

335 1052 466 1114 cepit.
491 1052 712 1098 Caeterum
736 1070 895 1116 corpus
915 1052 1082 1099 Christi
1110 1052 1212 1099 inde
1235 1052 1413 1098 dictum
1430 1067 1517 1097 esse
1537 1051 1583 1097 in
1606 1050 1725 1096 simi-

335 1121 522 1167 litudine
553 1123 695 1168 carnis
724 1123 912 1186 peccati,
942 1123 1046 1186 quia
1077 1123 1217 1169 omnis
1253 1122 1336 1168 alia
1360 1121 1597 1168 hominum
1625 1137 1726 1167 caro

338 1191 509 1254 peccati
531 1203 608 1248 est,
650 1192 848 1273 quisquis
880 1203 1024 1252 negat,
1056 1203 1098 1238 et
1123 1208 1298 1238 carnem
1331 1192 1497 1238 Christi
1519 1192 1578 1238 ita
1604 1191 1727 1238 carni

338 1272 565 1323 comparat
604 1264 875 1309 nascentium
919 1263 1154 1309 hominum
1188 1274 1464 1320 caeterorum,
1495 1274 1544 1308 ut
1572 1271 1727 1309 asserat

340 1337 572 1394 utramque
602 1350 689 1379 esse
721 1334 926 1397 puritatis
950 1334 1154 1397 aequalis,
1191 1334 1469 1381 detestandus·
1492 1333 1727 1379 haereticus

340 1403 581 1450 invenitur.
1561 1456 1563 1459 .

404 1473 525 1519 LIlI.
559 1473 767 1533 Magnum
791 1492 924 1537 porro
961 1475 1129 1540 aliquid
1156 1475 1367 1522 invenisse
1387 1475 1469 1521 tibi
1496 1474 1653 1522 videris
1686 1485 1729 1520 et

338 1541 631 1605 copiosissime
645 1543 841 1606 disputas
859 1563 870 1590 :
897 1568 918 1588 «
938 1547 1119 1592 Etiamsi
1143 1547 1367 1592 nascentes
1384 1546 1487 1591 mali
1501 1543 1667 1609 aliquid
1681 1561 1729 1590 ex

339 1614 595 1675 parentibus
629 1615 798 1661 trahere
830 1629 1025 1680 possent,
1066 1616 1187 1681 quod
1230 1617 1482 1680 expiaretur
1523 1616 1730 1662 manibus

346 1684 443 1738 Dei,
471 1685 574 1747 quia
599 1701 668 1730 eos
682 1686 773 1749 ipse
790 1686 949 1734 format
973 1689 1018 1734 in
1042 1690 1172 1734 uteris
1188 1699 1376 1734 matrum
1400 1704 1412 1732 t
1441 1688 1498 1734 ab
1520 1687 1617 1751 ipso
1648 1703 1725 1732 au-

343 1763 429 1798 tem
448 1754 624 1800 formari
644 1755 882 1803 homines»
904 1759 1049 1821 (quasi
1063 1759 1150 1803 hoc
1170 1758 1407 1820 negemus)
1425 1753 1730 1803 instantissime

342 1824 521 1885 probas,
545 1824 683 1870 multa
700 1825 754 1870 de
778 1827 1017 1890 Scripturis
1039 1828 1253 1874 adhibens
1271 1826 1515 1873 testimonia
1538 1844 1549 1872 ε
1575 1828 1620 1873 in
1634 1827 1730 1890 qui-

342 1893 426 1938 bus
453 1910 554 1939 cum
574 1911 622 1939 ea
641 1896 774 1941 verba
795 1914 843 1942 ex
874 1898 990 1943 libro
1013 1897 1312 1944 Ecclesiastico
1329 1897 1545 1961 posuisses
1568 1896 1605 1950 ¹,
1626 1900 1731 1960 qui-

341 1961 424 2008 bus
450 1963 527 2009 Dei
552 1981 684 2027 opera
708 1965 919 2013 dicuntur
947 1968 1144 2021 occulta;
1175 1967 1386 2013 continud
1412 1977 1487 2012 tua
1506 1966 1731 2027 subjecisti

340 2044 471 2096 atque
496 2033 639 2079 dixisti
669 2053 679 2080 :
707 2056 726 2076 α
756 2037 869 2092 Quae
892 2038 1100 2084 sententia
1125 2052 1275 2083 eorum
1299 2037 1443 2097 arguit
1468 2037 1726 2092 militatem,

338 2105 415 2166 qui
433 2108 589 2167 putant
610 2107 851 2152 naturalem
884 2108 1226 2171 profunditatem
1251 2125 1375 2171 posse
1398 2108 1728 2167 investigatione

342 2175 487 2238 aliqua
513 2177 844 2239 comprehendi.
866 2199 886 2219 ›>
921 2180 1018 2225 Hoc
1045 2179 1127 2225 tibi
1165 2179 1238 2225 dic
1257 2215 1268 2235 ,
1296 2189 1337 2224 et
1360 2178 1450 2224 noli
1483 2177 1537 2223 de
1569 2179 1726 2224 animae

340 2245 503 2305 origine
527 2256 685 2292 temere
715 2248 882 2312 aliquid
906 2250 1100 2296 definire.
1136 2249 1268 2306 Quod
1291 2249 1360 2296 vel
1390 2249 1556 2294 ratione
1575 2249 1729 2295 certis-

341 2315 450 2360 sima
469 2315 538 2361 vel
555 2316 705 2362 divino
722 2318 895 2382 eloquio
912 2320 1090 2365 minime
1112 2319 1321 2379 ambiguo
1340 2336 1428 2364 non
1448 2320 1591 2381 potest
1602 2322 1726 2364 com-

340 2384 584 2448 prehendi3
613 2386 685 2432 sed
712 2389 861 2450 potius
897 2390 1018 2452 quod
1060 2389 1373 2452 sapientissima
1408 2387 1564 2433 mulier
1589 2397 1727 2433 mater

343 2455 703 2520 Machabaeorum
724 2475 825 2522 sape
847 2460 881 2506 2.
917 2462 1029 2506 Nam
1057 2470 1100 2505 et
1122 2463 1214 2519 eJus
1240 2459 1374 2505 verba
1399 2459 1600 2522 posuisti,
1626 2474 1728 2523 quae

338 2526 438 2573 filiis
455 2526 540 2574 suis
552 2526 610 2573 ait
626 2548 639 2582 ;
653 2549 674 2570 «
701 2529 852 2575 ‘Nescio
868 2530 1056 2593 qualiter
1076 2530 1123 2577 in
1138 2540 1260 2577 utero
1277 2546 1375 2577 meo
1392 2529 1655 2593 apparuistis
1677 2545 1688 2574 ε
1705 2548 1727 2570 »

390 2610 401 2633 ¹
422 2609 522 2643 Eccli.
538 2620 586 2642 ur.
605 2628 651 2634 —
670 2609 685 2633 ²
704 2622 722 2642 2
744 2611 851 2644 Mach.
868 2623 924 2651 vu,
944 2623 998 2644 22.
