1843 3190
328 199 422 254 [15ss
751 223 784 252 s,
828 223 1069 253 Atot‘s'rim
1107 225 1311 254 EPtSCoPl

327 302 347 321 (ι
368 282 452 327 Per
480 299 617 330 unum
653 286 697 331 in
730 304 874 332 omnes
903 289 1095 333 transisse
1127 301 1357 351 peccatum
1378 309 1390 343 ;
1413 311 1432 332 >>
1464 301 1505 335 et
1529 302 1702 353 postea,

328 352 450 397 «Per
481 355 608 400 unius
643 357 984 403 inobedientiam
1022 370 1269 420 peccatores
1293 361 1552 406 constitutos
1590 362 1708 408 mul-

328 444 348 464 »
375 424 467 470 tos1
493 443 502 469 :
530 427 651 490 »ipsi
673 439 773 472 sunt
798 429 922 473 multi
942 435 955 483 ,‘
981 429 1057 490 qui
1093 440 1134 474 et
1168 447 1328 476 omnes.
1378 432 1586 476 Similiter
1607 449 1708 478 cum

328 494 496 540 (lictum
519 508 597 553 est,
614 520 633 537 «
656 499 737 543 Per
755 499 1237 558 uniusjustifieatiouem
1257 501 1301 545 in
1320 517 1467 546 omnes
1489 502 1706 558 homines,

326 566 776 625 »adjustitieationem
788 569 912 614 vitae:
930 580 1000 614 »et
1014 586 1159 615 rursus
1170 570 1338 616 dictum
1359 582 1462 619 est.c‹
1478 572 1562 616 Per
1583 573 1710 617 unius

329 659 347 678 ι
360 639 649 685 obedientiam
667 642 1097 700 justiconstituentur
1112 643 1233 688 multi
1251 663 1260 688 :
1276 666 1293 685 n
1311 661 1396 689 non
1406 644 1624 706 aliquibus
1635 661 1710 689 ex-

330 710 485 770 ceptis,
508 710 578 755 sed
595 712 763 756 eosdem
798 712 971 761 multos,
992 730 1142 758 omnes
1166 725 1340 776 oportet
1363 714 1544 773 intelligi
1573 731 1584 758 :
1622 731 1712 758 non

333 778 434 838 quia
456 795 603 824 omnes
642 780 840 825 homines
869 782 1168 840 justificantur
1202 800 1247 827 m
1279 783 1480 837 Christ03
1513 782 1586 827 secl
1610 783 1714 845 quia

333 864 480 891 omnes
519 850 595 910 qui
626 850 925 908 Justificantur
945 888 956 905 ,
995 868 1084 896 non
1125 851 1246 896 aliter
1280 863 1461 914 possunt
1481 853 1715 911 justificari

334 934 467 979 quam
493 917 537 962 in
563 918 786 966 Chri5102.
832 920 956 966 Sicut
989 938 1220 983 possumus
1245 921 1414 977 dicere,
1445 923 1491 966 in
1523 921 1713 984 aliquam

335 986 517 1033 domum
541 1006 619 1051 pei·
640 1006 771 1034 unam
791 993 974 1049 januam
999 991 1158 1036 intrare
1179 1008 1352 1044 omne53
1383 1008 1471 1036 non
1495 992 1597 1054 quia
1616 1008 1715 1037 om-

335 1074 408 1102 nes
436 1057 634 1103 homines
662 1059 826 1105 intrant
846 1059 891 1104 in
914 1060 1111 1105 emmhm
1129 1060 1307 1106 domum
1329 1097 1339 1116 ,
1371 1061 1442 1106 sed
1466 1061 1568 1124 quia
1587 1077 1715 1105 nemo

335 1128 468 1173 intrat
487 1129 566 1175 nisi
589 1147 666 1192 per
694 1130 830 1176 illam.
863 1131 1026 1176 Omnes
1043 1149 1142 1190 ergo
1167 1132 1219 1177 ad
1247 1142 1427 1177 mortem
1449 1149 1528 1194 per
1548 1131 1713 1186 Adam,

339 1214 484 1243 omnes
503 1199 557 1244 ad
576 1200 708 1245 vitam
732 1217 810 1263 per
831 1201 1072 1247 Christum.
1105 1223 1124 1242 «
1145 1203 1260 1257 Quia
1284 1203 1396 1247 sicut
1410 1202 1453 1246 in
1472 1201 1610 1247 Adam
1627 1218 1715 1246 om-

338 1290 357 1308 »
379 1285 451 1313 nes
475 1271 738 1325 moriuntur,
758 1272 816 1316 ita
835 1271 934 1316 etin
947 1272 1120 1316 Christo
1138 1290 1284 1317 omnes
1295 1270 1717 1317 vivificabuntur32»

337 1338 383 1383 id
407 1349 486 1395 est,
514 1357 560 1384 ex
575 1341 716 1403 prima
737 1342 900 1401 origine
924 1343 1087 1401 generis
1110 1343 1293 1387 humani
1308 1359 1434 1387 nemo
1459 1341 1514 1387 ad
1535 1352 1718 1386 mortem

337 1409 418 1454 nisi
442 1427 521 1472 per
547 1410 704 1467 Adam,
732 1422 775 1457 et
799 1430 924 1458 nemo
953 1431 1028 1476 per
1053 1413 1194 1458 Adam
1219 1413 1301 1458 nisi
1328 1412 1383 1458 ad
1422 1423 1603 1457 mortem
1632 1430 1643 1457 :
1679 1422 1721 1457 et

340 1496 466 1526 nemo
491 1480 547 1526 ad
573 1481 707 1527 vitam
727 1483 806 1528 nisi
827 1500 906 1546 per
925 1483 1171 1539 Christum,
1194 1494 1375 1530 etuemo
1397 1500 1477 1546 per
1492 1482 1721 1528 Christum

341 1552 425 1596 nisi
445 1552 498 1597 acl
526 1553 672 1600 vitam.

409 1623 610 1670 LXXXI.
635 1624 720 1669 Vos
745 1635 889 1670 autem
913 1625 1019 1670 dum
1040 1642 1127 1670 non
1142 1641 1307 1677 omnes,
1331 1623 1404 1669 sed
1429 1623 1607 1678 multos,
1636 1622 1723 1668 sive

343 1709 420 1754 per
447 1692 586 1737 Adam
606 1694 918 1740 condemnatos
935 1712 1037 1749 esse,
1064 1695 1151 1739 sive
1175 1712 1254 1757 per
1269 1694 1496 1738 Christum
1519 1693 1725 1748 liberatos

345 1762 477 1807 vultis
507 1762 706 1823 intelligi,
728 1764 944 1809 horrenda
962 1765 1236 1827 perversitate
1252 1764 1511 1809 Christianae
1529 1762 1726 1822 religioni

345 1833 444 1877 estis
470 1833 625 1879 infesti.
660 1833 705 1878 ‘Si
728 1834 843 1878 enim
881 1834 988 1878 salvi
1017 1844 1142 1878 erunt
1180 1833 1314 1896 aliqui
1343 1833 1433 1878 sine
1465 1832 1661 1885 Christo,
1684 1842 1727 1877 et

339 1902 639 1961 justificantur
660 1903 795 1966 aliqui
811 1904 900 1949 sine
913 1904 1112 1956 Christ03
1129 1921 1229 1963 ergo
1251 1903 1454 1948 Christus
1470 1903 1600 1961 gratis
1613 1919 1726 1947 mor-

347 1983 446 2017 tuus
464 1984 537 2019 est.
560 1975 667 2018 Erat
687 1975 801 2018 enim
837 1985 878 2019 et
901 1973 1008 2019 alius
1042 1974 1222 2029 modus,
1251 1975 1363 2018 sicut
1391 1972 1545 2027 vultis,
1569 1972 1615 2016 in
1642 1990 1726 2017 na-

343 2053 458 2097 tura,
484 2044 529 2087 iu
551 2042 691 2087 libero
717 2043 917 2098 arbitrio,
938 2043 983 2088 iu
998 2043 1087 2101 lege
1110 2042 1313 2095 naturali,
1341 2042 1428 2087 sive
1455 2043 1722 2104 conscripta,

345 2129 433 2175 quo
450 2125 625 2175 possent
649 2112 755 2158 salvi
779 2124 820 2158 et
851 2114 958 2173 justi
990 2130 1075 2157 esse
1099 2113 1175 2175 qui
1198 2113 1369 2158 vellent.
1416 2113 1560 2157 Justas
1584 2122 1728 2156 autem

346 2183 553 2242 imagines
573 2184 674 2239 Dei,
707 2184 803 2246 quis
838 2183 919 2228 nisi
943 2183 1129 2241 injustus
1148 2182 1403 2245 prohiberet
1423 2199 1445 2226 a
1467 2198 1599 2240 regno
1620 2181 1727 2226 Dei?

349 2253 434 2298 Hie
451 2254 561 2298 forte
578 2253 687 2299 dicis
709 2272 719 2298 ε
751 2253 835 2300 Sed
853 2254 1025 2299 facilius
1038 2270 1116 2315 per
1134 2254 1374 2299 Lhristum.
1401 2251 1625 2315 Numquid
1642 2268 1730 2296 nou

348 2334 492 2386 posset
511 2324 638 2369 etiam
663 2324 716 2369 de
729 2324 819 2384 lege
842 2324 958 2369 dici:
990 2325 1062 2367 Est
1082 2340 1158 2385 per
1171 2322 1504 2382 legemjustitia,
1530 2321 1603 2366 sed
1616 2321 1729 2366 faci-

345 2392 428 2438 lius
441 2411 520 2457 per
535 2394 790 2440 Christum?
830 2395 885 2438 Et
913 2404 1057 2440 tamen
1078 2393 1135 2438 ait
1159 2393 1418 2455 Apostolus:
1452 2412 1473 2433 <t
1493 2390 1539 2435 Si
1561 2407 1640 2453 per
1662 2390 1730 2436 le-

396 2494 407 2515 ¹
426 2495 519 2525 Rom.
532 2504 562 2531 v,
581 2505 633 2525 12.
648 2512 692 2518 —
709 2492 725 2515 2
738 2493 822 2525 Vide
847 2504 943 2536 supra
957 2492 1016 2527 lib.
1036 2503 1067 2526 1.
1087 2491 1126 2524 de
1143 2494 1347 2523 Peccatorum
1363 2490 1494 2529 meritis,
1520 2500 1591 2532 cap.
1610 2489 1666 2522 28.
1685 2505 1731 2512 —-

348 2546 362 2571 3
385 2561 395 2580 1
416 2551 490 2583 Cor.
508 2561 560 2588 xv,
577 2561 633 2581 22.
