1843 3190
351 2571 364 2593 7

394 260 485 307 ,290
822 258 1144 300 S.AUGUST1N1
1180 259 1383 296 EPISCOPI

392 333 443 385 ut
466 341 554 375 non
572 340 672 378 eum
690 325 737 379 in
767 324 853 374 hac
884 324 1090 376 sententia
1111 324 1346 388 desipuisse
1370 341 1418 370 ac
1439 323 1637 371 delirasse
1657 341 1767 372 con-

396 399 575 455 tendas?
596 389 710 444 Tace
728 413 827 463 ergo
851 394 904 448 de
920 395 1035 442 illius
1053 395 1216 456 geneiis
1233 395 1372 451 libris,
1393 405 1436 440 et
1457 395 1547 442 noli
1568 412 1646 442 nos
1667 395 1769 442 inde

394 462 559 534 aliquid
582 460 892 532 contumeliose
918 466 1073 513 docere
1088 467 1251 522 conari,
1274 484 1326 519 ne
1344 483 1532 530 quorum
1549 477 1591 513 te
1623 467 1770 533 inani-

392 553 456 595 ter
473 539 692 587 sublevari
714 537 870 602 credis,
893 554 1040 588 eorum
1055 537 1305 583 testimoniis
1331 537 1648 601 comprimaris.

459 612 600 665 LXII.
632 609 752 669 Quid
775 619 919 667 autem
943 608 996 654 de
1030 618 1150 654 motu
1174 608 1387 665 foeminae,
1415 612 1540 669 cujus
1573 620 1614 655 et
1628 609 1769 674 ipsam

393 683 570 748 puduit,
618 682 804 727 inaniter
844 678 1234 739 argumentandum
1274 680 1462 742 putasti?
1489 681 1587 726 Non
1619 681 1770 745 utique
1837 724 1841 728 .

390 753 573 807 foemina
596 764 764 807 motum
786 751 1001 798 visibilem
1023 751 1149 799 texit:
1173 750 1245 796 sed
1269 768 1370 796 cuin
1390 751 1435 796 in
1452 751 1611 797 eisdem
1628 770 1769 799 mem-

389 825 480 876 bris
503 823 587 869 tale
615 822 782 886 aliquid
820 821 994 867 sentiret
1015 821 1252 876 occultius,
1290 821 1418 884 quale
1459 822 1527 867 vir
1555 834 1766 878 senserat3

392 896 523 946 ambo
549 904 761 949 texerunt,
803 891 923 955 quod
949 891 1204 937 alterutrum
1226 891 1416 937 videndo
1440 893 1485 937 in
1515 892 1770 939 alterutrum

391 965 601 1017 commoti
623 964 753 1014 ambo
779 972 1017 1014 senserunt,
1037 972 1078 1007 et
1098 961 1165 1008 vel
1186 962 1482 1028 unusquisque
1510 963 1594 1008 sibi
1616 963 1685 1010 vel
1703 963 1770 1021 al-

392 1039 471 1086 teri
488 1037 773 1088 erubuerunt.
805 1033 890 1080 Sed
910 1033 1091 1097 loquens
1112 1050 1223 1079 vana
1251 1051 1262 1078 ι
1293 1054 1313 1075 «
1338 1034 1454 1079 Petis
1477 1045 1525 1079 ut
1547 1035 1772 1094 ignoscant

391 1107 652 1157 verecundae
687 1122 827 1159 aures,
855 1114 897 1149 et
933 1104 1255 1164 congemiscant
1273 1106 1439 1168 potius,
1466 1121 1599 1168 quam
1622 1104 1771 1165 indig-

394 1189 552 1226 nentur
584 1175 824 1223 necessitati
851 1185 952 1221 tuae.
978 1196 998 1215 ›>
1018 1175 1165 1231 Quare
1184 1168 1463 1221 confunderis
1483 1174 1537 1220 de
1563 1175 1643 1221 Dei
1661 1192 1772 1246 ope-

389 1250 512 1302 ribus
530 1248 783 1311 disputare?
814 1246 960 1301 Ouare
982 1245 1094 1308 petis
1117 1256 1166 1291 ut
1187 1245 1436 1305 ignoscatur
1475 1245 1590 1295 tibi?
1618 1241 1772 1297 Nonne

392 1320 469 1367 abs
487 1330 525 1365 te
546 1319 682 1371 veniae
699 1316 936 1380 postulatio
950 1316 1077 1367 etiam
1102 1315 1197 1379 ipsa
1220 1327 1281 1361 est
1303 1315 1500 1367 libidinis
1522 1317 1770 1375 accusatio?

389 1411 410 1433 <c
429 1389 513 1439 Sed
533 1389 568 1439 si
587 1398 774 1452 poterat,
796 1386 958 1450 inquis,
977 1385 1100 1432 virile
1124 1386 1373 1432 membrum
1390 1398 1432 1432 et
1455 1398 1578 1453 antea
1593 1387 1772 1447 moveri,

389 1460 503 1508 nihil
518 1477 617 1520 ergo
635 1459 838 1505 novitatis
852 1457 1013 1504 invexit
1030 1456 1254 1505 delictum.
1274 1479 1294 1499 »
1314 1461 1486 1507 Poterat
1506 1457 1632 1522 plane
1642 1459 1774 1522 etiam

391 1542 515 1580 antea
550 1529 733 1585 moveri,
757 1528 830 1574 sed
870 1545 958 1573 non
982 1538 1072 1573 erat
1109 1527 1332 1585 indecens,
1355 1539 1403 1575 ut
1425 1528 1632 1592 puderet3
1656 1546 1773 1593 quo-

389 1602 507 1650 niam
530 1600 576 1646 id
602 1599 807 1647 movebat
827 1598 1061 1646 voluntatis
1084 1597 1337 1663 imperium,
1373 1616 1461 1645 non
1483 1616 1583 1645 caro
1603 1616 1773 1649 concu-

392 1673 562 1736 piscens
591 1671 793 1720 adversus
835 1669 1053 1733 spiritum.
1084 1671 1136 1716 ln
1170 1670 1257 1716 hoc
1294 1671 1408 1718 enim
1432 1671 1570 1717 extitit
1603 1670 1773 1719 novitas

390 1743 621 1808 pudenda,
671 1759 803 1806 quam
842 1740 1037 1787 defendit
1079 1741 1361 1805 impudenter
1404 1742 1572 1788 novitas
1613 1753 1765 1790 vestra.

390 1818 628 1879 Nunquam
652 1830 752 1861 vero
793 1829 870 1872 ego
895 1833 915 1853 «
936 1813 1107 1859 Motum
1126 1813 1381 1872 genitalium
1406 1811 1669 1876 reprehendi
1695 1829 1773 1873 ge-

392 1885 612 1940 neraliter,
645 1882 765 1947 quod
784 1893 834 1928 tu
866 1882 975 1928 dicis
1012 1882 1278 1929 dedicative:
1302 1904 1322 1926 »
1343 1883 1417 1929 sed
1456 1883 1581 1933 illum
1605 1893 1786 1932 motum·
1813 1894 1822 1918 θ

391 1955 670 2021 reprehendi,
693 1971 821 2018 quem
841 1953 1338 2020 facitqconcupiscentiffi
1368 1971 1454 2017 qua
1481 1972 1580 2000 caro
1604 1970 1773 2000 concu-

391 2029 523 2093 piscit
536 2027 739 2074 adversus
761 2024 963 2089 spiritum
985 2041 995 2070 ε
1017 2042 1149 2088 quam
1172 2025 1290 2071 velut
1314 2026 1479 2072 bonum
1497 2041 1598 2071 cum
1620 2023 1773 2071 defen-

392 2101 467 2147 dat
483 2108 730 2150 emortuus,
750 2095 894 2141 nescio
906 2095 1279 2158 quemadmodum
1295 2096 1497 2142 adversus
1517 2096 1636 2143 illam
1654 2095 1774 2145 velut

394 2172 598 2218 adversus
622 2167 787 2216 malum
813 2166 1097 2228 concupiscat
1123 2167 1300 2229 spiritus
1326 2177 1439 2214 tuuS.

460 2239 625 2286 LXIII.
656 2258 676 2278 «
700 2236 745 2281 Si
766 2236 809 2281 in
835 2235 982 2281 fructu
1007 2235 1113 2295 ligni
1141 2236 1274 2293 illius,
1301 2238 1463 2301 inquis,
1491 2237 1592 2285 haec
1613 2238 1696 2284 fuit
1714 2238 1774 2284 li-

393 2311 500 2357 bido
519 2347 530 2365 ‚
559 2328 582 2355 a
615 2312 709 2354 Deo
731 2306 855 2352 facta'
871 2317 1154 2362 monstratur,
1189 2318 1229 2352 et
1249 2325 1325 2371 per
1352 2308 1440 2354 hoc
1462 2309 1577 2355 bona
1597 2325 1772 2373 quoque

392 2383 486 2444 ipsa
513 2377 773 2426 defenditur.
804 2399 824 2418 »
859 2377 942 2422 Sed
974 2377 1261 2439 respondetur
1290 2379 1401 2423 tibi:
1427 2379 1525 2424 Non
1546 2379 1591 2425 in
1619 2378 1770 2433 fructu

391 2451 499 2512 ligni
520 2447 772 2503 fuitlibido,
800 2458 840 2492 et
860 2447 956 2492 ideo
970 2448 1137 2493 bonum
1162 2460 1252 2494 erat
1267 2448 1457 2509 lignum3
1479 2450 1549 2496 sed
1577 2451 1688 2497 mala
1711 2460 1768 2496 est
1793 2484 1797 2489 -

390 2519 685 2569 inobedientia
723 2518 935 2573 libidinis,
956 2535 1056 2581 quae
1075 2519 1280 2566 adversus
1309 2520 1499 2567 hominis
1520 2521 1768 2567 inobedien-
1796 2558 1797 2561 η
1835 2528 1838 2530 ’

392 2595 493 2640 tiam
512 2608 643 2656 quam
664 2589 709 2635 in
726 2588 842 2648 ligno
860 2588 1058 2645 admisit,
1084 2591 1175 2636 Deo
1195 2591 1415 2637 deserente
1434 2592 1628 2639 surrexit.
1648 2590 1767 2645 Absit
