<?xml version="1.0" encoding="UTF-8"?>
<!DOCTYPE html PUBLIC "-//W3C//DTD XHTML 1.0 Transitional//EN"
    "http://www.w3.org/TR/xhtml1/DTD/xhtml1-transitional.dtd">
<html xmlns="http://www.w3.org/1999/xhtml" xml:lang="en" lang="en">
 <head>
  <title>
</title>
<meta http-equiv="Content-Type" content="text/html;charset=utf-8" />
  <meta name='ocr-system' content='tesseract 3.04.00' />
  <meta name='ocr-capabilities' content='ocr_page ocr_carea ocr_par ocr_line ocrx_word'/>
</head>
<body>
  <div class='ocr_page' id='page_1' title='image "./operaomniaaccura35auguuoft/operaomniaaccura35auguuoft_0228.png"; bbox 0 0 1843 3190; ppageno 0'>
   <div class='ocr_carea' id='block_1_1' title="bbox 322 206 1305 253">
    <p class='ocr_par' dir='ltr' id='par_1_1' title="bbox 322 206 1305 253">
     <span class='ocr_line' id='line_1_1' title="bbox 322 206 1305 253; baseline 0 -2"><span class='ocrx_word' id='word_1_1' title='bbox 322 206 415 253; x_wconf 78' lang='lat'>218</span> <span class='ocrx_word' id='word_1_2' title='bbox 743 221 778 251; x_wconf 84' lang='lat' dir='ltr'>s.</span> <span class='ocrx_word' id='word_1_3' title='bbox 822 220 1066 251; x_wconf 76' lang='lat' dir='ltr'>AUGUSTINI</span> <span class='ocrx_word' id='word_1_4' title='bbox 1103 220 1305 251; x_wconf 79' lang='lat' dir='ltr'>Episcopi</span> 
     </span>
    </p>
   </div>
   <div class='ocr_carea' id='block_1_2' title="bbox 321 285 1711 2609">
    <p class='ocr_par' dir='ltr' id='par_1_2' title="bbox 321 285 1706 1598">
     <span class='ocr_line' id='line_1_2' title="bbox 323 285 1696 350; baseline 0.003 -20"><span class='ocrx_word' id='word_1_5' title='bbox 323 285 632 349; x_wconf 80' lang='lat' dir='ltr'>contempsisse</span> <span class='ocrx_word' id='word_1_6' title='bbox 672 287 876 342; x_wconf 85' lang='lat' dir='ltr'>remedia,</span> <span class='ocrx_word' id='word_1_7' title='bbox 920 297 968 331; x_wconf 92' lang='lat' dir='ltr'>ut</span> <span class='ocrx_word' id='word_1_8' title='bbox 993 286 1173 346; x_wconf 86' lang='lat' dir='ltr'>gloriosa</span> <span class='ocrx_word' id='word_1_9' title='bbox 1198 297 1340 350; x_wconf 85' lang='lat' dir='ltr'>posset</span> <span class='ocrx_word' id='word_1_10' title='bbox 1358 303 1546 333; x_wconf 85' lang='lat' dir='ltr'>exercere</span> <span class='ocrx_word' id='word_1_11' title='bbox 1563 298 1696 334; x_wconf 86' lang='lat' dir='ltr'>certa-</span> 
     </span>
     <span class='ocr_line' id='line_1_3' title="bbox 322 353 1698 421; baseline 0.003 -22"><span class='ocrx_word' id='word_1_12' title='bbox 322 355 454 401; x_wconf 87' lang='lat' dir='ltr'>mina.</span> <span class='ocrx_word' id='word_1_13' title='bbox 484 377 504 397; x_wconf 85' lang='lat'>›&gt;</span> <span class='ocrx_word' id='word_1_14' title='bbox 531 356 696 413; x_wconf 79' lang='lat' dir='ltr'>Quaero</span> <span class='ocrx_word' id='word_1_15' title='bbox 728 374 828 420; x_wconf 82' lang='lat' dir='ltr'>quae</span> <span class='ocrx_word' id='word_1_16' title='bbox 865 353 1053 402; x_wconf 89' lang='lat' dir='ltr'>remedia</span> <span class='ocrx_word' id='word_1_17' title='bbox 1077 357 1414 420; x_wconf 62' lang='lat' dir='ltr'>contempserit?</span> <span class='ocrx_word' id='word_1_18' title='bbox 1438 357 1698 421; x_wconf 85' lang='lat' dir='ltr'>Responde-</span> 
     </span>
     <span class='ocr_line' id='line_1_4' title="bbox 322 425 1697 491; baseline 0.003 -22"><span class='ocrx_word' id='word_1_19' title='bbox 322 425 408 481; x_wconf 73' lang='lat' dir='ltr'>bis,</span> <span class='ocrx_word' id='word_1_20' title='bbox 432 429 623 489; x_wconf 82' lang='lat' dir='ltr'>nuptiaS.</span> <span class='ocrx_word' id='word_1_21' title='bbox 650 428 832 485; x_wconf 82' lang='lat' dir='ltr'>Quaero,</span> <span class='ocrx_word' id='word_1_22' title='bbox 864 429 950 473; x_wconf 87' lang='lat' dir='ltr'>Ista</span> <span class='ocrx_word' id='word_1_23' title='bbox 969 427 1157 473; x_wconf 89' lang='lat' dir='ltr'>remedia</span> <span class='ocrx_word' id='word_1_24' title='bbox 1177 438 1327 473; x_wconf 83' lang='lat' dir='ltr'>contra</span> <span class='ocrx_word' id='word_1_25' title='bbox 1342 445 1470 491; x_wconf 83' lang='lat' dir='ltr'>quem</span> <span class='ocrx_word' id='word_1_26' title='bbox 1493 429 1697 474; x_wconf 85' lang='lat' dir='ltr'>morbum</span> 
     </span>
     <span class='ocr_line' id='line_1_5' title="bbox 322 497 1695 562; baseline 0.002 -22"><span class='ocrx_word' id='word_1_27' title='bbox 322 506 421 540; x_wconf 88' lang='lat' dir='ltr'>sunt</span> <span class='ocrx_word' id='word_1_28' title='bbox 447 497 708 544; x_wconf 69' lang='lat' dir='ltr'>necessaria?</span> <span class='ocrx_word' id='word_1_29' title='bbox 733 498 993 544; x_wconf 83' lang='lat' dir='ltr'>Remedium</span> <span class='ocrx_word' id='word_1_30' title='bbox 1017 498 1184 562; x_wconf 85' lang='lat' dir='ltr'>quippe</span> <span class='ocrx_word' id='word_1_31' title='bbox 1225 517 1247 544; x_wconf 87' lang='lat' dir='ltr'>a</span> <span class='ocrx_word' id='word_1_32' title='bbox 1281 498 1518 554; x_wconf 87' lang='lat' dir='ltr'>medendo,</span> <span class='ocrx_word' id='word_1_33' title='bbox 1547 498 1591 543; x_wconf 88' lang='lat' dir='ltr'>id</span> <span class='ocrx_word' id='word_1_34' title='bbox 1616 509 1695 554; x_wconf 89' lang='lat' dir='ltr'>est,</span> 
     </span>
     <span class='ocr_line' id='line_1_6' title="bbox 323 566 1698 633; baseline 0.003 -24"><span class='ocrx_word' id='word_1_35' title='bbox 323 583 347 610; x_wconf 93' lang='lat' dir='ltr'>a</span> <span class='ocrx_word' id='word_1_36' title='bbox 366 566 623 614; x_wconf 86' lang='lat' dir='ltr'>medicando</span> <span class='ocrx_word' id='word_1_37' title='bbox 641 586 798 615; x_wconf 89' lang='lat' dir='ltr'>nomen</span> <span class='ocrx_word' id='word_1_38' title='bbox 818 569 999 633; x_wconf 87' lang='lat' dir='ltr'>accepit.</span> <span class='ocrx_word' id='word_1_39' title='bbox 1021 569 1161 614; x_wconf 85' lang='lat' dir='ltr'>Simul</span> <span class='ocrx_word' id='word_1_40' title='bbox 1181 570 1327 632; x_wconf 85' lang='lat' dir='ltr'>itaque</span> <span class='ocrx_word' id='word_1_41' title='bbox 1353 569 1550 615; x_wconf 78' lang='lat' dir='ltr'>videmus</span> <span class='ocrx_word' id='word_1_42' title='bbox 1569 570 1698 614; x_wconf 86' lang='lat' dir='ltr'>ambo</span> 
     </span>
     <span class='ocr_line' id='line_1_7' title="bbox 321 636 1695 702; baseline 0.002 -22"><span class='ocrx_word' id='word_1_43' title='bbox 321 636 562 683; x_wconf 87' lang='lat' dir='ltr'>remedium</span> <span class='ocrx_word' id='word_1_44' title='bbox 583 640 836 702; x_wconf 83' lang='lat' dir='ltr'>nuptiarum</span> <span class='ocrx_word' id='word_1_45' title='bbox 862 658 873 684; x_wconf 78' lang='lat' dir='ltr'>z</span> <span class='ocrx_word' id='word_1_46' title='bbox 895 656 974 685; x_wconf 91' lang='lat' dir='ltr'>cur</span> <span class='ocrx_word' id='word_1_47' title='bbox 1002 649 1049 684; x_wconf 93' lang='lat' dir='ltr'>tu</span> <span class='ocrx_word' id='word_1_48' title='bbox 1074 639 1224 685; x_wconf 88' lang='lat' dir='ltr'>laudas</span> <span class='ocrx_word' id='word_1_49' title='bbox 1247 639 1444 684; x_wconf 86' lang='lat' dir='ltr'>libidinis</span> <span class='ocrx_word' id='word_1_50' title='bbox 1464 639 1667 684; x_wconf 82' lang='lat' dir='ltr'>morbum</span> <span class='ocrx_word' id='word_1_51' title='bbox 1685 676 1695 694; x_wconf 87' lang='lat'>‚</span> 
     </span>
     <span class='ocr_line' id='line_1_8' title="bbox 323 708 1701 769; baseline 0.002 -19"><span class='ocrx_word' id='word_1_52' title='bbox 323 722 412 768; x_wconf 90' lang='lat' dir='ltr'>quo</span> <span class='ocrx_word' id='word_1_53' title='bbox 441 708 657 769; x_wconf 88' lang='lat' dir='ltr'>perveniri</span> <span class='ocrx_word' id='word_1_54' title='bbox 681 709 817 755; x_wconf 85' lang='lat' dir='ltr'>cernis</span> <span class='ocrx_word' id='word_1_55' title='bbox 849 709 902 755; x_wconf 82' lang='lat' dir='ltr'>ad</span> <span class='ocrx_word' id='word_1_56' title='bbox 941 720 1124 755; x_wconf 90' lang='lat' dir='ltr'>mortem</span> <span class='ocrx_word' id='word_1_57' title='bbox 1143 747 1153 765; x_wconf 90' lang='lat'>,</span> <span class='ocrx_word' id='word_1_58' title='bbox 1182 709 1217 754; x_wconf 89' lang='lat' dir='ltr'>si</span> <span class='ocrx_word' id='word_1_59' title='bbox 1249 726 1335 755; x_wconf 91' lang='lat' dir='ltr'>non</span> <span class='ocrx_word' id='word_1_60' title='bbox 1377 710 1414 754; x_wconf 86' lang='lat' dir='ltr'>ei</span> <span class='ocrx_word' id='word_1_61' title='bbox 1436 709 1602 754; x_wconf 78' lang='lat' dir='ltr'>resistat</span> <span class='ocrx_word' id='word_1_62' title='bbox 1627 718 1701 753; x_wconf 89' lang='lat' dir='ltr'>aut</span> 
     </span>
     <span class='ocr_line' id='line_1_9' title="bbox 322 776 1701 838; baseline 0.002 -19"><span class='ocrx_word' id='word_1_63' title='bbox 322 776 604 823; x_wconf 60' lang='lat' dir='ltr'>continentiae</span> <span class='ocrx_word' id='word_1_64' title='bbox 634 779 942 835; x_wconf 81' lang='lat' dir='ltr'>retinaculum,</span> <span class='ocrx_word' id='word_1_65' title='bbox 966 790 1041 824; x_wconf 89' lang='lat' dir='ltr'>aut</span> <span class='ocrx_word' id='word_1_66' title='bbox 1064 779 1289 838; x_wconf 74' lang='lat' dir='ltr'>coniugale</span> <span class='ocrx_word' id='word_1_67' title='bbox 1309 778 1580 823; x_wconf 71' lang='lat' dir='ltr'>remedium?</span> <span class='ocrx_word' id='word_1_68' title='bbox 1601 778 1623 821; x_wconf 82' lang='lat' dir='ltr'>J</span> <span class='ocrx_word' id='word_1_69' title='bbox 1631 795 1701 822; x_wconf 87' lang='lat' dir='ltr'>am</span> 
     </span>
     <span class='ocr_line' id='line_1_10' title="bbox 324 844 1700 911; baseline 0.003 -23"><span class='ocrx_word' id='word_1_70' title='bbox 324 844 411 888; x_wconf 85' lang='lat' dir='ltr'>hoc</span> <span class='ocrx_word' id='word_1_71' title='bbox 435 855 476 889; x_wconf 90' lang='lat' dir='ltr'>et</span> <span class='ocrx_word' id='word_1_72' title='bbox 502 848 699 909; x_wconf 88' lang='lat' dir='ltr'>superius</span> <span class='ocrx_word' id='word_1_73' title='bbox 740 849 807 908; x_wconf 87' lang='lat' dir='ltr'>egi</span> <span class='ocrx_word' id='word_1_74' title='bbox 833 859 993 904; x_wconf 83' lang='lat' dir='ltr'>tecum,</span> <span class='ocrx_word' id='word_1_75' title='bbox 1021 848 1099 893; x_wconf 87' lang='lat' dir='ltr'>ubi</span> <span class='ocrx_word' id='word_1_76' title='bbox 1132 848 1408 893; x_wconf 83' lang='lat' dir='ltr'>disertissime</span> <span class='ocrx_word' id='word_1_77' title='bbox 1441 847 1700 911; x_wconf 72' lang='lat' dir='ltr'>pudicitiam</span> 
     </span>
     <span class='ocr_line' id='line_1_11' title="bbox 323 916 1696 981; baseline 0.003 -23"><span class='ocrx_word' id='word_1_78' title='bbox 323 916 595 975; x_wconf 87' lang='lat' dir='ltr'>conjugalem</span> <span class='ocrx_word' id='word_1_79' title='bbox 618 918 730 963; x_wconf 90' lang='lat' dir='ltr'>inter</span> <span class='ocrx_word' id='word_1_80' title='bbox 750 918 1018 964; x_wconf 82' lang='lat' dir='ltr'>lascivientes</span> <span class='ocrx_word' id='word_1_81' title='bbox 1042 929 1082 964; x_wconf 88' lang='lat' dir='ltr'>et</span> <span class='ocrx_word' id='word_1_82' title='bbox 1101 918 1368 964; x_wconf 82' lang='lat' dir='ltr'>continentes</span> <span class='ocrx_word' id='word_1_83' title='bbox 1391 918 1450 964; x_wconf 87' lang='lat' dir='ltr'>ita</span> <span class='ocrx_word' id='word_1_84' title='bbox 1477 918 1660 981; x_wconf 86' lang='lat' dir='ltr'>posuisti</span> <span class='ocrx_word' id='word_1_85' title='bbox 1685 935 1696 962; x_wconf 75' lang='grc' dir='ltr'>ε</span> 
     </span>
     <span class='ocr_line' id='line_1_12' title="bbox 324 985 1703 1043; baseline 0.006 -19"><span class='ocrx_word' id='word_1_86' title='bbox 324 1005 343 1025; x_wconf 84' lang='lat'>«</span> <span class='ocrx_word' id='word_1_87' title='bbox 373 985 484 1039; x_wconf 78' lang='lat' dir='ltr'>Quae</span> <span class='ocrx_word' id='word_1_88' title='bbox 520 988 775 1034; x_wconf 88' lang='lat' dir='ltr'>verecundis</span> <span class='ocrx_word' id='word_1_89' title='bbox 813 989 1016 1035; x_wconf 88' lang='lat' dir='ltr'>manibus</span> <span class='ocrx_word' id='word_1_90' title='bbox 1062 1000 1103 1035; x_wconf 88' lang='lat' dir='ltr'>et</span> <span class='ocrx_word' id='word_1_91' title='bbox 1147 990 1349 1036; x_wconf 84' lang='lat' dir='ltr'>confovet</span> <span class='ocrx_word' id='word_1_92' title='bbox 1374 998 1619 1043; x_wconf 61' lang='lat' dir='ltr'>aestuantes,</span> <span class='ocrx_word' id='word_1_93' title='bbox 1660 997 1703 1033; x_wconf 90' lang='lat' dir='ltr'>et</span> 
     </span>
     <span class='ocr_line' id='line_1_13' title="bbox 325 1053 1696 1122; baseline 0.005 -25"><span class='ocrx_word' id='word_1_94' title='bbox 325 1053 477 1100; x_wconf 87' lang='lat' dir='ltr'>laudat</span> <span class='ocrx_word' id='word_1_95' title='bbox 498 1056 572 1102; x_wconf 88' lang='lat' dir='ltr'>tali</span> <span class='ocrx_word' id='word_1_96' title='bbox 593 1058 782 1104; x_wconf 87' lang='lat' dir='ltr'>remedio</span> <span class='ocrx_word' id='word_1_97' title='bbox 799 1076 887 1104; x_wconf 92' lang='lat' dir='ltr'>non</span> <span class='ocrx_word' id='word_1_98' title='bbox 907 1071 1090 1119; x_wconf 83' lang='lat' dir='ltr'>egentes.</span> <span class='ocrx_word' id='word_1_99' title='bbox 1121 1080 1140 1101; x_wconf 70' lang='lat'>&gt;2</span> <span class='ocrx_word' id='word_1_100' title='bbox 1166 1059 1332 1105; x_wconf 85' lang='lat' dir='ltr'>Eadem</span> <span class='ocrx_word' id='word_1_101' title='bbox 1359 1061 1508 1122; x_wconf 87' lang='lat' dir='ltr'>itaque</span> <span class='ocrx_word' id='word_1_102' title='bbox 1532 1068 1696 1121; x_wconf 85' lang='lat' dir='ltr'>repeto.</span> 
     </span>
     <span class='ocr_line' id='line_1_14' title="bbox 325 1124 1696 1193; baseline 0.006 -27"><span class='ocrx_word' id='word_1_103' title='bbox 325 1124 487 1169; x_wconf 83' lang='lat' dir='ltr'>lterum</span> <span class='ocrx_word' id='word_1_104' title='bbox 507 1127 608 1172; x_wconf 86' lang='lat' dir='ltr'>audi</span> <span class='ocrx_word' id='word_1_105' title='bbox 622 1130 743 1191; x_wconf 87' lang='lat' dir='ltr'>quod</span> <span class='ocrx_word' id='word_1_106' title='bbox 762 1129 851 1175; x_wconf 89' lang='lat' dir='ltr'>illic</span> <span class='ocrx_word' id='word_1_107' title='bbox 873 1130 950 1174; x_wconf 90' lang='lat' dir='ltr'>tibi</span> <span class='ocrx_word' id='word_1_108' title='bbox 969 1130 1158 1175; x_wconf 84' lang='lat' dir='ltr'>breviter</span> <span class='ocrx_word' id='word_1_109' title='bbox 1179 1129 1455 1193; x_wconf 85' lang='lat' dir='ltr'>dilucideque</span> <span class='ocrx_word' id='word_1_110' title='bbox 1477 1127 1696 1192; x_wconf 84' lang='lat' dir='ltr'>respondi.</span> 
     </span>
     <span class='ocr_line' id='line_1_15' title="bbox 327 1195 1699 1263; baseline 0.003 -24"><span class='ocrx_word' id='word_1_111' title='bbox 327 1213 346 1233; x_wconf 75' lang='lat' dir='ltr'>t&lt;</span> <span class='ocrx_word' id='word_1_112' title='bbox 365 1195 553 1249; x_wconf 78' lang='lat' dir='ltr'>Quando</span> <span class='ocrx_word' id='word_1_113' title='bbox 573 1216 649 1258; x_wconf 76' lang='lat' dir='ltr'>ego</span> <span class='ocrx_word' id='word_1_114' title='bbox 673 1200 800 1245; x_wconf 85' lang='lat' dir='ltr'>istam</span> <span class='ocrx_word' id='word_1_115' title='bbox 820 1200 1217 1263; x_wconf 78' lang='lat' dir='ltr'>concupiscentiam</span> <span class='ocrx_word' id='word_1_116' title='bbox 1239 1201 1442 1245; x_wconf 84' lang='lat' dir='ltr'>morbum</span> <span class='ocrx_word' id='word_1_117' title='bbox 1465 1216 1551 1244; x_wconf 87' lang='lat' dir='ltr'>esse</span> <span class='ocrx_word' id='word_1_118' title='bbox 1581 1199 1699 1254; x_wconf 87' lang='lat' dir='ltr'>dico,</span> 
     </span>
     <span class='ocr_line' id='line_1_16' title="bbox 329 1269 1706 1332; baseline 0.004 -25"><span class='ocrx_word' id='word_1_119' title='bbox 329 1279 461 1325; x_wconf 80' lang='lat' dir='ltr'>quare</span> <span class='ocrx_word' id='word_1_120' title='bbox 479 1277 523 1311; x_wconf 85' lang='lat' dir='ltr'>tu</span> <span class='ocrx_word' id='word_1_121' title='bbox 542 1285 684 1328; x_wconf 79' lang='lat' dir='ltr'>negas,</span> <span class='ocrx_word' id='word_1_122' title='bbox 714 1270 789 1332; x_wconf 88' lang='lat' dir='ltr'>qui</span> <span class='ocrx_word' id='word_1_123' title='bbox 809 1281 950 1315; x_wconf 88' lang='lat' dir='ltr'>tamen</span> <span class='ocrx_word' id='word_1_124' title='bbox 976 1270 1014 1315; x_wconf 89' lang='lat' dir='ltr'>ei</span> <span class='ocrx_word' id='word_1_125' title='bbox 1038 1270 1321 1316; x_wconf 86' lang='lat' dir='ltr'>necessarium</span> <span class='ocrx_word' id='word_1_126' title='bbox 1346 1269 1583 1316; x_wconf 85' lang='lat' dir='ltr'>remedium</span> <span class='ocrx_word' id='word_1_127' title='bbox 1603 1285 1706 1314; x_wconf 87' lang='lat' dir='ltr'>con-</span> 
     </span>
     <span class='ocr_line' id='line_1_17' title="bbox 327 1335 1704 1400; baseline 0.004 -23"><span class='ocrx_word' id='word_1_128' title='bbox 327 1335 485 1380; x_wconf 61' lang='lat' dir='ltr'>fiteris?</span> <span class='ocrx_word' id='word_1_129' title='bbox 509 1338 552 1382; x_wconf 74' lang='lat' dir='ltr'>Si</span> <span class='ocrx_word' id='word_1_130' title='bbox 579 1341 770 1399; x_wconf 84' lang='lat' dir='ltr'>agnoscis</span> <span class='ocrx_word' id='word_1_131' title='bbox 788 1340 1044 1397; x_wconf 86' lang='lat' dir='ltr'>remedium,</span> <span class='ocrx_word' id='word_1_132' title='bbox 1067 1357 1249 1400; x_wconf 79' lang='lat' dir='ltr'>agnosce</span> <span class='ocrx_word' id='word_1_133' title='bbox 1272 1341 1490 1385; x_wconf 85' lang='lat' dir='ltr'>morbum.</span> <span class='ocrx_word' id='word_1_134' title='bbox 1512 1339 1557 1384; x_wconf 81' lang='lat' dir='ltr'>Si</span> <span class='ocrx_word' id='word_1_135' title='bbox 1577 1355 1704 1397; x_wconf 85' lang='lat' dir='ltr'>negas</span> 
     </span>
     <span class='ocr_line' id='line_1_18' title="bbox 327 1407 1705 1474; baseline 0.003 -25"><span class='ocrx_word' id='word_1_136' title='bbox 327 1407 551 1464; x_wconf 80' lang='lat' dir='ltr'>morbum,</span> <span class='ocrx_word' id='word_1_137' title='bbox 578 1427 685 1470; x_wconf 84' lang='lat' dir='ltr'>nega</span> <span class='ocrx_word' id='word_1_138' title='bbox 718 1411 971 1458; x_wconf 87' lang='lat' dir='ltr'>remedium.</span> <span class='ocrx_word' id='word_1_139' title='bbox 1010 1412 1135 1470; x_wconf 80' lang='lat' dir='ltr'>Rogo</span> <span class='ocrx_word' id='word_1_140' title='bbox 1162 1411 1265 1456; x_wconf 85' lang='lat' dir='ltr'>cede</span> <span class='ocrx_word' id='word_1_141' title='bbox 1299 1409 1534 1474; x_wconf 89' lang='lat' dir='ltr'>aliquando</span> <span class='ocrx_word' id='word_1_142' title='bbox 1575 1410 1705 1454; x_wconf 90' lang='lat' dir='ltr'>etiam</span> 
     </span>
     <span class='ocr_line' id='line_1_19' title="bbox 327 1480 1704 1545; baseline 0.004 -25"><span class='ocrx_word' id='word_1_143' title='bbox 327 1493 406 1539; x_wconf 87' lang='lat' dir='ltr'>per</span> <span class='ocrx_word' id='word_1_144' title='bbox 433 1495 478 1523; x_wconf 92' lang='lat' dir='ltr'>os</span> <span class='ocrx_word' id='word_1_145' title='bbox 504 1489 625 1525; x_wconf 88' lang='lat' dir='ltr'>tuum</span> <span class='ocrx_word' id='word_1_146' title='bbox 646 1481 729 1527; x_wconf 89' lang='lat' dir='ltr'>tibi</span> <span class='ocrx_word' id='word_1_147' title='bbox 749 1482 942 1545; x_wconf 84' lang='lat' dir='ltr'>loquenti</span> <span class='ocrx_word' id='word_1_148' title='bbox 966 1482 1137 1528; x_wconf 88' lang='lat' dir='ltr'>veritati</span> <span class='ocrx_word' id='word_1_149' title='bbox 1163 1500 1173 1526; x_wconf 74' lang='grc' dir='ltr'>ε</span> <span class='ocrx_word' id='word_1_150' title='bbox 1194 1498 1320 1527; x_wconf 88' lang='lat' dir='ltr'>nemo</span> <span class='ocrx_word' id='word_1_151' title='bbox 1339 1480 1541 1545; x_wconf 85' lang='lat' dir='ltr'>providet</span> <span class='ocrx_word' id='word_1_152' title='bbox 1564 1496 1704 1525; x_wconf 88' lang='lat' dir='ltr'>reme-</span> 
     </span>
     <span class='ocr_line' id='line_1_20' title="bbox 333 1548 661 1598; baseline 0.015 -6"><span class='ocrx_word' id='word_1_153' title='bbox 333 1548 453 1593; x_wconf 87' lang='lat' dir='ltr'>dium</span> <span class='ocrx_word' id='word_1_154' title='bbox 477 1550 661 1598; x_wconf 87' lang='lat' dir='ltr'>sanitati.</span> 
     </span>
    </p>

    <p class='ocr_par' dir='ltr' id='par_1_3' title="bbox 327 1621 1711 2609">
     <span class='ocr_line' id='line_1_21' title="bbox 396 1621 1705 1682; baseline 0.002 -19"><span class='ocrx_word' id='word_1_155' title='bbox 396 1621 560 1667; x_wconf 72' lang='lat' dir='ltr'>XLIII.</span> <span class='ocrx_word' id='word_1_156' title='bbox 595 1622 708 1678; x_wconf 68' lang='lat' dir='ltr'>Quae</span> <span class='ocrx_word' id='word_1_157' title='bbox 744 1633 843 1667; x_wconf 87' lang='lat' dir='ltr'>sunt</span> <span class='ocrx_word' id='word_1_158' title='bbox 867 1633 1011 1668; x_wconf 85' lang='lat' dir='ltr'>autem</span> <span class='ocrx_word' id='word_1_159' title='bbox 1044 1627 1348 1681; x_wconf 65' lang='lat' dir='ltr'>«Sanctorum</span> <span class='ocrx_word' id='word_1_160' title='bbox 1370 1622 1617 1682; x_wconf 86' lang='lat' dir='ltr'>virginum,</span> <span class='ocrx_word' id='word_1_161' title='bbox 1652 1621 1705 1666; x_wconf 90' lang='lat' dir='ltr'>si-</span> 
     </span>
     <span class='ocr_line' id='line_1_22' title="bbox 328 1691 1707 1757; baseline 0.001 -22"><span class='ocrx_word' id='word_1_162' title='bbox 328 1701 404 1735; x_wconf 87' lang='lat' dir='ltr'>cut</span> <span class='ocrx_word' id='word_1_163' title='bbox 429 1691 642 1754; x_wconf 73' lang='lat' dir='ltr'>appellas,</span> <span class='ocrx_word' id='word_1_164' title='bbox 679 1692 860 1753; x_wconf 89' lang='lat' dir='ltr'>gloriosa</span> <span class='ocrx_word' id='word_1_165' title='bbox 894 1695 1155 1751; x_wconf 79' lang='lat' dir='ltr'>certamina,</span> <span class='ocrx_word' id='word_1_166' title='bbox 1193 1716 1211 1734; x_wconf 72' lang='lat' dir='ltr'>n</span> <span class='ocrx_word' id='word_1_167' title='bbox 1238 1693 1320 1738; x_wconf 87' lang='lat' dir='ltr'>nisi</span> <span class='ocrx_word' id='word_1_168' title='bbox 1356 1693 1459 1757; x_wconf 82' lang='lat' dir='ltr'>quia</span> <span class='ocrx_word' id='word_1_169' title='bbox 1491 1709 1579 1738; x_wconf 87' lang='lat' dir='ltr'>nou</span> <span class='ocrx_word' id='word_1_170' title='bbox 1607 1692 1707 1737; x_wconf 89' lang='lat' dir='ltr'>vin-</span> 
     </span>
     <span class='ocr_line' id='line_1_23' title="bbox 332 1762 1707 1819; baseline 0.001 -14"><span class='ocrx_word' id='word_1_171' title='bbox 332 1772 493 1806; x_wconf 86' lang='lat' dir='ltr'>cuntur</span> <span class='ocrx_word' id='word_1_172' title='bbox 518 1780 539 1807; x_wconf 87' lang='lat' dir='ltr'>a</span> <span class='ocrx_word' id='word_1_173' title='bbox 560 1762 673 1808; x_wconf 87' lang='lat' dir='ltr'>malo</span> <span class='ocrx_word' id='word_1_174' title='bbox 691 1801 700 1819; x_wconf 87' lang='lat'>,</span> <span class='ocrx_word' id='word_1_175' title='bbox 726 1763 798 1809; x_wconf 87' lang='lat' dir='ltr'>sed</span> <span class='ocrx_word' id='word_1_176' title='bbox 818 1765 1001 1810; x_wconf 79' lang='lat' dir='ltr'>vincunt</span> <span class='ocrx_word' id='word_1_177' title='bbox 1032 1765 1077 1810; x_wconf 89' lang='lat' dir='ltr'>in</span> <span class='ocrx_word' id='word_1_178' title='bbox 1107 1765 1227 1810; x_wconf 85' lang='lat' dir='ltr'>bono</span> <span class='ocrx_word' id='word_1_179' title='bbox 1257 1763 1452 1809; x_wconf 59' lang='lat' dir='ltr'>malum?</span> <span class='ocrx_word' id='word_1_180' title='bbox 1484 1764 1595 1819; x_wconf 67' lang='lat' dir='ltr'>Q&#39;uae</span> <span class='ocrx_word' id='word_1_181' title='bbox 1618 1779 1707 1807; x_wconf 88' lang='lat' dir='ltr'>non</span> 
     </span>
     <span class='ocr_line' id='line_1_24' title="bbox 333 1831 1707 1894; baseline 0.001 -19"><span class='ocrx_word' id='word_1_182' title='bbox 333 1831 515 1890; x_wconf 85' lang='lat' dir='ltr'>gloriosa</span> <span class='ocrx_word' id='word_1_183' title='bbox 551 1849 654 1892; x_wconf 80' lang='lat' dir='ltr'>ego,</span> <span class='ocrx_word' id='word_1_184' title='bbox 682 1832 753 1878; x_wconf 88' lang='lat' dir='ltr'>sed</span> <span class='ocrx_word' id='word_1_185' title='bbox 779 1833 1030 1894; x_wconf 86' lang='lat' dir='ltr'>gloriosiora</span> <span class='ocrx_word' id='word_1_186' title='bbox 1063 1834 1210 1880; x_wconf 82' lang='lat' dir='ltr'>dicere</span> <span class='ocrx_word' id='word_1_187' title='bbox 1236 1833 1385 1880; x_wconf 86' lang='lat' dir='ltr'>malui.</span> <span class='ocrx_word' id='word_1_188' title='bbox 1417 1833 1563 1878; x_wconf 84' lang='lat' dir='ltr'>Habet</span> <span class='ocrx_word' id='word_1_189' title='bbox 1593 1833 1707 1879; x_wconf 86' lang='lat' dir='ltr'>enim</span> 
     </span>
     <span class='ocr_line' id='line_1_25' title="bbox 332 1900 1703 1966; baseline 0.002 -21"><span class='ocrx_word' id='word_1_190' title='bbox 332 1900 523 1963; x_wconf 85' lang='lat' dir='ltr'>palmam</span> <span class='ocrx_word' id='word_1_191' title='bbox 552 1901 604 1947; x_wconf 91' lang='lat' dir='ltr'>de</span> <span class='ocrx_word' id='word_1_192' title='bbox 624 1902 754 1962; x_wconf 87' lang='lat' dir='ltr'>hujus</span> <span class='ocrx_word' id='word_1_193' title='bbox 780 1903 881 1949; x_wconf 89' lang='lat' dir='ltr'>mali</span> <span class='ocrx_word' id='word_1_194' title='bbox 902 1904 1169 1964; x_wconf 85' lang='lat' dir='ltr'>subjectione</span> <span class='ocrx_word' id='word_1_195' title='bbox 1188 1942 1197 1957; x_wconf 89' lang='lat'>,</span> <span class='ocrx_word' id='word_1_196' title='bbox 1235 1903 1435 1966; x_wconf 82' lang='lat' dir='ltr'>quamvis</span> <span class='ocrx_word' id='word_1_197' title='bbox 1466 1904 1675 1949; x_wconf 87' lang='lat' dir='ltr'>minorem</span> <span class='ocrx_word' id='word_1_198' title='bbox 1693 1939 1703 1958; x_wconf 90' lang='lat'>,</span> 
     </span>
     <span class='ocr_line' id='line_1_26' title="bbox 333 1972 1708 2037; baseline 0.002 -21"><span class='ocrx_word' id='word_1_199' title='bbox 333 1972 546 2035; x_wconf 85' lang='lat' dir='ltr'>pudicitia</span> <span class='ocrx_word' id='word_1_200' title='bbox 584 1974 713 2019; x_wconf 87' lang='lat' dir='ltr'>etiam</span> <span class='ocrx_word' id='word_1_201' title='bbox 749 1975 1000 2035; x_wconf 86' lang='lat' dir='ltr'>conjugalis.</span> <span class='ocrx_word' id='word_1_202' title='bbox 1046 1975 1278 2035; x_wconf 85' lang='lat' dir='ltr'>Belligerat</span> <span class='ocrx_word' id='word_1_203' title='bbox 1310 1974 1425 2020; x_wconf 92' lang='lat' dir='ltr'>enim</span> <span class='ocrx_word' id='word_1_204' title='bbox 1460 1975 1590 2020; x_wconf 89' lang='lat' dir='ltr'>etiam</span> <span class='ocrx_word' id='word_1_205' title='bbox 1614 1974 1708 2037; x_wconf 86' lang='lat' dir='ltr'>ipsa</span> 
     </span>
     <span class='ocr_line' id='line_1_27' title="bbox 334 2045 1710 2109; baseline 0.001 -21"><span class='ocrx_word' id='word_1_206' title='bbox 334 2054 485 2089; x_wconf 85' lang='lat' dir='ltr'>contra</span> <span class='ocrx_word' id='word_1_207' title='bbox 503 2045 719 2091; x_wconf 85' lang='lat' dir='ltr'>carnalem</span> <span class='ocrx_word' id='word_1_208' title='bbox 747 2046 1145 2109; x_wconf 85' lang='lat' dir='ltr'>concupiscentiam</span> <span class='ocrx_word' id='word_1_209' title='bbox 1165 2082 1177 2103; x_wconf 85' lang='lat'>,</span> <span class='ocrx_word' id='word_1_210' title='bbox 1205 2063 1258 2091; x_wconf 89' lang='lat' dir='ltr'>ne</span> <span class='ocrx_word' id='word_1_211' title='bbox 1280 2045 1436 2090; x_wconf 88' lang='lat' dir='ltr'>limites</span> <span class='ocrx_word' id='word_1_212' title='bbox 1455 2045 1573 2090; x_wconf 86' lang='lat' dir='ltr'>thori</span> <span class='ocrx_word' id='word_1_213' title='bbox 1590 2061 1710 2108; x_wconf 88' lang='lat' dir='ltr'>nup-</span> 
     </span>
     <span class='ocr_line' id='line_1_28' title="bbox 335 2115 1710 2176; baseline 0.001 -17"><span class='ocrx_word' id='word_1_214' title='bbox 335 2115 444 2160; x_wconf 79' lang='lat' dir='ltr'>tialis</span> <span class='ocrx_word' id='word_1_215' title='bbox 463 2115 640 2161; x_wconf 76' lang='lat' dir='ltr'>excedat</span> <span class='ocrx_word' id='word_1_216' title='bbox 660 2134 670 2161; x_wconf 70' lang='grc' dir='ltr'>ε</span> <span class='ocrx_word' id='word_1_217' title='bbox 695 2116 942 2176; x_wconf 76' lang='lat' dir='ltr'>belligerat,</span> <span class='ocrx_word' id='word_1_218' title='bbox 975 2135 1028 2163; x_wconf 88' lang='lat' dir='ltr'>ne</span> <span class='ocrx_word' id='word_1_219' title='bbox 1052 2118 1282 2169; x_wconf 86' lang='lat' dir='ltr'>definitum</span> <span class='ocrx_word' id='word_1_220' title='bbox 1301 2134 1348 2162; x_wconf 82' lang='lat' dir='ltr'>ex</span> <span class='ocrx_word' id='word_1_221' title='bbox 1372 2133 1583 2162; x_wconf 91' lang='lat' dir='ltr'>consensu</span> <span class='ocrx_word' id='word_1_222' title='bbox 1599 2133 1710 2161; x_wconf 90' lang='lat' dir='ltr'>con-</span> 
     </span>
     <span class='ocr_line' id='line_1_29' title="bbox 327 2186 1711 2252; baseline 0.001 -23"><span class='ocrx_word' id='word_1_223' title='bbox 327 2190 482 2244; x_wconf 85' lang='lat' dir='ltr'>jugum</span> <span class='ocrx_word' id='word_1_224' title='bbox 507 2186 661 2232; x_wconf 86' lang='lat' dir='ltr'>orandi</span> <span class='ocrx_word' id='word_1_225' title='bbox 690 2196 862 2250; x_wconf 89' lang='lat' dir='ltr'>tempus</span> <span class='ocrx_word' id='word_1_226' title='bbox 890 2188 1120 2252; x_wconf 87' lang='lat' dir='ltr'>irrumpat.</span> <span class='ocrx_word' id='word_1_227' title='bbox 1160 2187 1251 2233; x_wconf 90' lang='lat' dir='ltr'>Etsi</span> <span class='ocrx_word' id='word_1_228' title='bbox 1275 2197 1415 2232; x_wconf 86' lang='lat' dir='ltr'>tantas</span> <span class='ocrx_word' id='word_1_229' title='bbox 1438 2187 1547 2232; x_wconf 88' lang='lat' dir='ltr'>vires</span> <span class='ocrx_word' id='word_1_230' title='bbox 1575 2186 1711 2232; x_wconf 87' lang='lat' dir='ltr'>habet</span> 
     </span>
     <span class='ocr_line' id='line_1_30' title="bbox 333 2255 1711 2321; baseline 0.001 -22"><span class='ocrx_word' id='word_1_231' title='bbox 333 2256 410 2300; x_wconf 78' lang='lat' dir='ltr'>ista</span> <span class='ocrx_word' id='word_1_232' title='bbox 432 2255 647 2317; x_wconf 84' lang='lat' dir='ltr'>pudicitia</span> <span class='ocrx_word' id='word_1_233' title='bbox 669 2257 934 2319; x_wconf 78' lang='lat' dir='ltr'>conjugalis,</span> <span class='ocrx_word' id='word_1_234' title='bbox 963 2268 1223 2321; x_wconf 88' lang='lat' dir='ltr'>tantumque</span> <span class='ocrx_word' id='word_1_235' title='bbox 1248 2257 1326 2302; x_wconf 87' lang='lat' dir='ltr'>Dei</span> <span class='ocrx_word' id='word_1_236' title='bbox 1352 2257 1519 2303; x_wconf 91' lang='lat' dir='ltr'>donum</span> <span class='ocrx_word' id='word_1_237' title='bbox 1547 2266 1636 2311; x_wconf 89' lang='lat' dir='ltr'>est,</span> <span class='ocrx_word' id='word_1_238' title='bbox 1664 2266 1711 2301; x_wconf 87' lang='lat' dir='ltr'>ut</span> 
     </span>
     <span class='ocr_line' id='line_1_31' title="bbox 335 2326 1709 2390; baseline 0 -18"><span class='ocrx_word' id='word_1_239' title='bbox 335 2327 465 2372; x_wconf 81' lang='lat' dir='ltr'>faciat</span> <span class='ocrx_word' id='word_1_240' title='bbox 496 2326 615 2389; x_wconf 88' lang='lat' dir='ltr'>quod</span> <span class='ocrx_word' id='word_1_241' title='bbox 636 2327 932 2389; x_wconf 62' lang='lat' dir='ltr'>praescribunt</span> <span class='ocrx_word' id='word_1_242' title='bbox 965 2328 1133 2374; x_wconf 79' lang='lat' dir='ltr'>tabulae</span> <span class='ocrx_word' id='word_1_243' title='bbox 1165 2327 1527 2382; x_wconf 82' lang='lat' dir='ltr'>matrimoniales,</span> <span class='ocrx_word' id='word_1_244' title='bbox 1553 2327 1709 2390; x_wconf 89' lang='lat' dir='ltr'>inipso</span> 
     </span>
     <span class='ocr_line' id='line_1_32' title="bbox 334 2395 1710 2460; baseline 0 -19"><span class='ocrx_word' id='word_1_245' title='bbox 334 2414 508 2460; x_wconf 86' lang='lat' dir='ltr'>quoque</span> <span class='ocrx_word' id='word_1_246' title='bbox 533 2397 663 2442; x_wconf 88' lang='lat' dir='ltr'>thoro</span> <span class='ocrx_word' id='word_1_247' title='bbox 684 2398 900 2458; x_wconf 87' lang='lat' dir='ltr'>conjugali</span> <span class='ocrx_word' id='word_1_248' title='bbox 925 2398 1136 2444; x_wconf 74' lang='lat' dir='ltr'>conflictu</span> <span class='ocrx_word' id='word_1_249' title='bbox 1170 2397 1347 2442; x_wconf 83' lang='lat' dir='ltr'>fortiore</span> <span class='ocrx_word' id='word_1_250' title='bbox 1369 2395 1620 2456; x_wconf 76' lang='lat' dir='ltr'>belligerat,</span> <span class='ocrx_word' id='word_1_251' title='bbox 1658 2413 1710 2441; x_wconf 90' lang='lat' dir='ltr'>ne</span> 
     </span>
     <span class='ocr_line' id='line_1_33' title="bbox 337 2466 1710 2531; baseline -0.002 -18"><span class='ocrx_word' id='word_1_252' title='bbox 337 2468 449 2513; x_wconf 84' lang='lat' dir='ltr'>ultra</span> <span class='ocrx_word' id='word_1_253' title='bbox 470 2483 601 2531; x_wconf 86' lang='lat' dir='ltr'>quam</span> <span class='ocrx_word' id='word_1_254' title='bbox 621 2467 875 2527; x_wconf 83' lang='lat' dir='ltr'>generandis</span> <span class='ocrx_word' id='word_1_255' title='bbox 895 2467 994 2514; x_wconf 91' lang='lat' dir='ltr'>filiis</span> <span class='ocrx_word' id='word_1_256' title='bbox 1011 2479 1074 2513; x_wconf 87' lang='lat' dir='ltr'>sat</span> <span class='ocrx_word' id='word_1_257' title='bbox 1092 2478 1178 2520; x_wconf 87' lang='lat' dir='ltr'>est,</span> <span class='ocrx_word' id='word_1_258' title='bbox 1205 2467 1332 2512; x_wconf 83' lang='lat' dir='ltr'>etiam</span> <span class='ocrx_word' id='word_1_259' title='bbox 1350 2467 1494 2530; x_wconf 88' lang='lat' dir='ltr'>ipsum</span> <span class='ocrx_word' id='word_1_260' title='bbox 1513 2466 1710 2525; x_wconf 72' lang='lat' dir='ltr'>conjugis</span> 
     </span>
     <span class='ocr_line' id='line_1_34' title="bbox 335 2535 1709 2609; baseline -0.002 -25"><span class='ocrx_word' id='word_1_261' title='bbox 335 2535 495 2602; x_wconf 75' lang='lat' dir='ltr'>eorpus</span> <span class='ocrx_word' id='word_1_262' title='bbox 526 2547 734 2592; x_wconf 81' lang='lat' dir='ltr'>attrectet.</span> <span class='ocrx_word' id='word_1_263' title='bbox 776 2537 893 2592; x_wconf 81' lang='lat' dir='ltr'>Talis</span> <span class='ocrx_word' id='word_1_264' title='bbox 932 2538 1146 2609; x_wconf 86' lang='lat' dir='ltr'>pudicitia</span> <span class='ocrx_word' id='word_1_265' title='bbox 1183 2555 1263 2584; x_wconf 78' lang='lat' dir='ltr'>nec</span> <span class='ocrx_word' id='word_1_266' title='bbox 1295 2535 1598 2593; x_wconf 84' lang='lat' dir='ltr'>menstruatis,</span> <span class='ocrx_word' id='word_1_267' title='bbox 1629 2552 1709 2581; x_wconf 92' lang='lat' dir='ltr'>nec</span> 
     </span>
    </p>
   </div>
   <div class='ocr_carea' id='block_1_3' title="bbox 1809 245 1813 791">
    <p class='ocr_par' dir='ltr' id='par_1_4' title="bbox 1809 245 1813 791">
     <span class='ocr_line' id='line_1_35' title="bbox 1809 245 1813 791; baseline 0 0"><span class='ocrx_word' id='word_1_268' title='bbox 1809 245 1813 791; x_wconf 95' lang='lat' dir='ltr'> </span> 
     </span>
    </p>
   </div>
  </div>
 </body>
</html>
