1843 3190
312 339 487 373 CONTRA
528 338 755 371 JULIANUM
791 337 1095 380 ΡΕιΑθΙΔΝυΜ,
1138 340 1225 369 Lm.
1263 339 1332 370 111.
1413 338 1500 384 ¹99

121 420 183 454 est
210 411 351 462 Deus3
388 407 460 453 sed
495 406 651 469 primae
674 404 1073 467 praevaricationis,
1106 407 1232 463 cujus
1256 413 1407 448 auctor
1438 412 1500 447 est

122 479 338 525 diabolus,

185 549 306 595 XIX.
351 547 476 593 Absit
498 555 668 599 autem,
702 555 752 590 ut
786 544 1161 607 quemadmodum
1192 542 1495 597 calumniaris,

121 639 141 659 «
169 618 376 663 Dicamus
400 617 597 662 homines
620 614 675 660 ad
698 614 785 660 hoc
813 632 835 659 a
853 617 945 659 Deo
967 614 1059 659 fieri
1080 650 1092 669 ‚
1114 623 1163 658 ut
1187 630 1210 657 a
1237 611 1414 657 diabolo
1432 612 1499 657 le-

120 689 269 749 gitimo
283 693 381 749 jure
403 680 640 733 teneantur.
668 706 687 726 »
706 685 916 741 Quamvis
944 685 1057 730 enim
1082 695 1125 729 et
1150 684 1236 728 hoc
1258 682 1419 728 divinae
1443 683 1500 727 sit

121 759 254 818 magis
271 796 280 812 ‚
308 775 438 822 quam
463 756 698 802 diabolicae
716 756 942 818 potestatis
959 792 969 812 ,
995 765 1042 800 ut
1061 752 1289 799 immundo
1306 752 1501 816 principi

120 829 334 889 generatio
352 826 582 873 immunda
599 825 832 882 subdatur,
861 825 941 870 nisi
970 823 1290 885 regeneratione
1308 823 1499 868 munde-

104 911 192 945 ¹tur
214 918 224 944 :
248 910 389 944 tamen
404 915 492 944 non
513 898 567 943 ad
593 897 680 942 hoc
699 899 815 942 Deus
832 896 937 942 facit
963 896 1161 941 homines
1179 930 1190 950 ,
1214 905 1262 940 ut
1288 893 1500 939 familiam

20 979 22 1029 j
69 988 72 991 ·
119 970 311 1033 quodam
326 969 458 1015 modo
479 967 680 1014 diabolus
693 967 878 1021 habeat3
899 967 970 1012 sed
990 984 1037 1012 ea
1059 966 1253 1011 bonitate
1268 1002 1278 1021 ,
1303 980 1391 1027 qua
1415 981 1500 1009 na-

120 1040 226 1086 turis
243 1040 446 1084 omnibus
465 1048 644 1101 praestat
663 1047 710 1082 ut
724 1037 831 1092 sint,
849 1053 934 1099 qua
957 1036 1085 1082 ctiam
1105 1036 1248 1097 ipsum
1266 1033 1370 1078 facit
1389 1033 1501 1078 sub-

120 1111 264 1156 sistere
283 1109 525 1155 diabolum.
560 1109 704 1164 Quam
729 1107 968 1152 bonitatem
992 1107 1024 1151 si
1047 1106 1176 1151 rebus
1200 1104 1497 1159 subtraheret,

120 1181 330 1227 continuo
346 1180 459 1225 nihil
480 1189 630 1225 essent.
659 1178 783 1223 Sicut
800 1194 888 1223 non
913 1177 1011 1223 ideo
1038 1187 1154 1222 creat
1183 1192 1341 1238 pecora
1363 1174 1408 1220 in
1428 1191 1502 1219 ar-

121 1250 277 1295 mentis
289 1259 331 1294 et
346 1249 550 1309 gregibus
562 1248 819 1311 impiorum,
837 1257 884 1293 ut
900 1242 1179 1293 daemonibus
1196 1244 1498 1300 immolentur,

120 1320 318 1383 quamvis
344 1320 432 1365 hoc
455 1336 526 1365 eos
550 1320 718 1365 noverit
748 1335 835 1364 esse
864 1317 1055 1363 facturos
1077 1318 1167 1362 :sic
1199 1316 1328 1360 etiam
1346 1315 1409 1360 ihi
1433 1331 1502 1374 ge-

122 1390 386 1435 nerationem
405 1400 587 1452 peccato
602 1389 740 1435 cernit
755 1388 987 1433 obnoxiam
1008 1407 1019 1442 3
1039 1385 1280 1433 secundum
1296 1384 1504 1448 pulcher-

122 1460 280 1504 rimum
312 1476 441 1521 quem
467 1459 680 1522 disposuit
712 1458 908 1503 ordinem
942 1457 1228 1512 saeculorum,
1265 1472 1387 1501 suam
1414 1472 1503 1500 non

125 1530 314 1575 abstinet
338 1530 393 1574 ab
417 1533 452 1588 ej
463 1546 510 1575 us
536 1529 785 1575 conditione
802 1529 1055 1574 honitatem.

190 1600 287 1645 XX.
331 1599 415 1644 Sed
442 1609 539 1661 post
573 1599 689 1644 hanc
713 1598 1157 1658 argumentationem,
1183 1612 1269 1660 qua
1296 1606 1337 1641 te
1360 1595 1498 1652 fallis,

124 1680 166 1714 et
184 1668 416 1715 confecisse
439 1680 480 1714 te
503 1669 670 1732 aliquid
693 1669 940 1724 arbitraris,
973 1668 1130 1728 ingeris
1167 1666 1341 1712 solitum
1366 1665 1505 1711 male—

126 1739 318 1795 dictum,
358 1757 408 1785 ac
444 1739 601 1785 deinde
636 1740 888 1785 subnectis:
916 1738 1089 1796 «Quod
1121 1738 1300 1784 forsitan
1329 1737 1474 1781 dicam
1491 1774 1502 1793 ,

127 1810 459 1871 Scripturarum
483 1847 493 1865 ‚
534 1827 622 1855 non
662 1810 1013 1872 syllogismorum
1058 1808 1215 1854 debere
1261 1806 1508 1852 testimonio

127 1880 410 1942 comprobari
429 1917 438 1934 ‚
468 1879 579 1924 filios
597 1879 650 1924 de
673 1896 908 1942 corporum
934 1878 1239 1924 commixtione
1258 1887 1477 1922 nascentes
1494 1913 1505 1932 ‚

128 1949 321 2012 reputari
346 1949 495 1995 divino
520 1950 642 2012 operi
665 1968 676 1995 :
701 1971 722 1992 >³
751 1949 876 2013 quasi
895 1949 971 2012 qui
994 1949 1080 1993 hoc
1100 1946 1317 2007 negaverit
1335 1983 1345 2002 ,
1373 1946 1511 2008 possit

127 2035 215 2064 esse
235 2019 525 2065 Christianus,
553 2020 745 2065 Proinde
765 2037 854 2065 rem
871 2056 882 2076 ,
905 2036 1036 2082 quam
1053 2017 1375 2081 promptissime
1398 2033 1509 2062 con-

129 2089 304 2133 fitemur
329 2099 371 2133 et
405 2088 686 2135 libentissime
709 2089 1002 2153 praedicamus
1020 2124 1030 2144 ‚
1068 2088 1187 2134 velut
1211 2087 1373 2132 habeat
1396 2086 1509 2131 inter

60 2215 63 2218 Α
130 2175 208 2203 nos
231 2160 594 2215 controversiam,
622 2159 681 2204 ita
705 2176 785 2222 per
815 2159 1145 2221 Scripturarum
1165 2156 1407 2201 testimonia
1429 2172 1509 2201 6ον

131 2228 245 2273 naris
271 2228 519 2282 ostendere;
553 2239 595 2274 et
624 2229 797 2275 laboras
818 2230 1023 2285 inaniter,
1054 2245 1142 2273 non
1175 2236 1223 2272 ut
1249 2225 1510 2289 respondere

133 2300 259 2345 nohis
278 2336 288 2355 ‚
316 2299 390 2345 sed
416 2310 464 2345 ut
484 2299 621 2345 libros
648 2300 783 2363 possis
810 2300 1005 2363 implere.
1048 2299 1358 2344 Verumtamen
1389 2296 1512 2360 quod.

133 2370 275 2416 dixisti
303 2388 314 2416 :
345 2392 365 2413 ιι
384 2371 442 2416 Ut
463 2372 718 2434 exprimeret
741 2371 872 2417 fidem
892 2387 1075 2434 operum
1098 2368 1322 2432 Propheta
1339 2404 1349 2422 ‚
1371 2384 1512 2431 prope

133 2440 380 2503 periculum
412 2440 596 2504 pudoris
622 2441 823 2498 accessit,
853 2441 955 2504 quia
988 2440 1126 2485 dixit:
1148 2436 1171 2480 ἀ
1195 2439 1334 2483 Erunt
1353 2437 1440 2482 duo
1465 2436 1511 2481 in

137 2531 157 2551 ›)
180 2527 310 2555 carne
334 2509 446 2556 una1
469 2528 479 2555 z
504 2531 525 2552 »
549 2512 650 2557 satis
670 2523 712 2558 te
745 2511 900 2557 debuit
925 2510 1156 2556 admonere
1172 2545 1183 2561 ,
1205 2507 1318 2553 nihil
1336 2506 1513 2569 puden-

136 2578 244 2625 dum
266 2580 465 2626 futurum
500 2581 628 2628 fuisse
656 2583 703 2628 in
740 2582 948 2646 operibus
983 2581 1087 2636 Det,
1116 2579 1200 2627 nisi
1231 2576 1515 2641 praecessisset

187 2662 197 2684 ¹
217 2664 299 2693 Gen.
320 2672 360 2701 11,
379 2668 436 2699 24,
