1843 3190
387 311 472 342 100
800 307 835 339 S.
877 305 1122 340 AUGUSTINI
1157 307 1362 338 EPISCOPI

379 375 539 423 nullius
564 374 667 421 mali
692 374 761 421 vel
792 374 913 434 signa
945 385 1210 421 remaneant.
1240 395 1260 416 >)
1299 374 1385 418 Ista
1413 371 1473 418 ita
1502 383 1616 419 recte
1651 372 1759 420 dixit
1816 406 1817 410 =

381 456 554 493 sanctus
573 444 779 501 Basilius,
802 454 852 490 ut
875 445 1002 490 etiam
1018 444 1071 490 de
1090 445 1184 508 ipso
1212 443 1326 489 malo
1342 480 1353 499 ,
1374 442 1494 506 quod
1513 460 1591 506 per
1616 443 1757 490 Adam

379 516 616 563 intravitin
639 515 855 561 mundum
873 553 883 571 ,
907 526 948 561 et
981 532 1060 578 per
1080 532 1226 561 omnes
1259 515 1458 560 homines
1480 516 1752 577 pertransiit,

378 589 490 634 bene
510 587 648 651 possit
675 586 855 646 intelligi
876 606 887 640 3
915 588 1017 650 quia
1044 597 1085 631 et
1107 586 1253 649 ipsum
1281 585 1456 631 accessit
1474 596 1643 631 naturae
1663 586 1756 632 hu-
1815 615 1817 618 >

376 676 532 705 manae.
564 659 662 704 Non
683 658 798 702 enim
821 657 882 702 sic
913 668 1005 703 erat
1029 657 1236 720 primitus
1272 655 1477 707 condita;
1512 667 1553 701 et
1583 657 1755 718 princi-

372 729 498 793 pium
518 727 768 773 accessionis
795 743 886 772 non
914 727 1204 772 substantiam
1241 726 1402 771 habuit
1419 762 1430 782 ,
1450 725 1524 770 sed
1548 726 1755 771 volunta-

376 810 460 843 tem
479 834 489 851 ‚
517 797 604 843 sive
622 796 814 842 mulieris
843 813 943 859 quae
974 815 996 841 a
1027 806 1222 858 serpente
1249 795 1427 841 seducta
1453 806 1538 852 est,
1564 796 1650 841 sive
1673 797 1754 841 viri

367 872 402 927 ej
411 884 458 913 us
474 867 551 929 qui
568 866 758 911 seductae
773 865 828 911 ad
847 865 1124 928 peccandum
1140 866 1358 910 consensit
1372 866 1507 911 uxori.
1534 865 1617 910 Sed
1633 866 1752 928 quod
1814 868 1815 871 ’

370 939 461 983 ait:
494 957 514 978 α
541 935 681 981 Facile
717 952 840 999 posse
865 935 1029 981 malum
1055 954 1078 980 a
1107 935 1329 980 voluntate
1361 935 1428 980 vel
1453 953 1476 980 a
1509 935 1751 981 substantia
1812 972 1814 977 ,

369 1007 581 1071 separari,
608 1027 628 1047 >³
652 1024 741 1052 non
758 1006 965 1051 humanae
986 1005 1112 1051 facile
1133 1015 1197 1050 est
1218 1005 1432 1051 voiuntati
1446 1043 1455 1060 ‚
1484 1005 1557 1050 sed
1583 1006 1751 1051 miseri—

370 1078 532 1124 cordiae
557 1078 651 1124 Dei.
689 1077 820 1134 Quod
851 1077 1054 1123 adversus
1081 1077 1350 1122 Manichaeos
1378 1076 1528 1139 utique
1563 1076 1745 1133 sufficit,

367 1149 443 1212 qui
474 1158 630 1211 putant
656 1164 743 1192 esse
764 1147 1035 1210 impossibile
1068 1147 1229 1191 mutari
1264 1148 1308 1191 in
1341 1146 1511 1191 bonum
1546 1156 1748 1192 naturam

364 1220 483 1266 mali.
519 1219 623 1264 Ideo
647 1235 735 1263 non
759 1219 818 1263 ait
849 1229 1020 1264 sanctus
1054 1218 1262 1273 Basilius,
1295 1218 1437 1281 ipsam
1474 1217 1748 1263 voluntatem
1810 1239 1811 1243 ¹

361 1290 554 1335 hominis
567 1327 576 1345 ‚
599 1289 686 1334 sive
703 1289 988 1334 substantiam
1004 1288 1073 1334 vel
1092 1300 1294 1334 naturam
1310 1325 1320 1343 ‚
1345 1288 1508 1333 malum
1528 1306 1551 1333 a
1568 1306 1609 1333 se
1623 1306 1748 1351 posse

359 1360 485 1406 facile
522 1377 747 1422 separare3
781 1359 853 1404 sed
878 1382 897 1399 <c
922 1360 990 1405 Ab
1017 1377 1063 1404 ea
1090 1377 1213 1422 posse
1237 1358 1363 1404 facile
1388 1359 1576 1422 separari
1600 1377 1610 1403 z
1635 1381 1655 1400 n
1685 1360 1746 1404 sic
1809 1384 1811 1431 ξ

358 1432 492 1476 verba
510 1447 586 1475 sua
600 1429 789 1485 librans,
817 1440 915 1474 utet
938 1429 1208 1474 Manicliaeos
1227 1466 1238 1484 ‚
1261 1439 1413 1473 contra
1433 1446 1543 1491 quos
1566 1429 1741 1488 agebat,

356 1500 594 1555 refelleret,
626 1510 667 1544 et
691 1510 841 1545 contra
868 1499 1062 1544 divinam
1099 1499 1282 1558 gratiam
1313 1499 1550 1543 humanam
1586 1516 1744 1561 super—
1808 1501 1809 1510 ¹

356 1570 477 1615 biam
501 1587 589 1615 non
609 1569 838 1615 extolleret.
871 1569 948 1614 llle
969 1569 1137 1632 quippe
1161 1569 1441 1631 omnipotens
1463 1604 1471 1620 ‚
1496 1569 1568 1614 cui
1591 1586 1745 1614 secun·
1808 1578 1809 1584 ’

355 1640 462 1686 dum
488 1639 771 1698 Evangelium
795 1639 921 1684 facile
942 1648 1027 1693 est,
1051 1638 1171 1702 quod
1193 1638 1449 1683 hominibus
1470 1638 1743 1701 impossibile
1806 1632 1808 1667 ἶ

354 1709 440 1755 est'1
456 1747 466 1765 ‚
495 1710 660 1754 malum
680 1708 798 1772 quod
818 1709 943 1753 nobis
969 1708 1156 1762 accidit,
1181 1709 1248 1754 vel
1277 1725 1323 1753 ex
1352 1709 1485 1771 primi
1516 1709 1709 1754 hominis
1729 1747 1739 1765 ‚

354 1780 423 1826 vel
445 1798 492 1825 ex
509 1790 654 1825 nostra
671 1780 846 1842 insuper
869 1778 1092 1824 voluntate
1111 1816 1122 1835 ‚
1154 1781 1215 1825 ita
1245 1796 1333 1824 suae
1365 1779 1741 1838 gratiaelargitate

356 1862 604 1905 consumet,
629 1872 649 1891 c<
672 1851 729 1896 L't
749 1851 943 1909 subjecta
963 1851 1207 1896 substantia
1226 1850 1467 1906 voluntati,
1492 1872 1512 1892 »
1529 1850 1736 1913 quemad-

355 1921 538 1967 modum
563 1921 911 1967 commemorasti
936 1920 1088 1965 dixisse
1111 1920 1316 1966 Basilium
1332 1958 1342 1976 ‚
1371 1941 1391 1961 «
1412 1920 1579 1966 Munda
1600 1921 1735 1983 possit

355 2010 433 2055 per
467 1993 614 2037 omnia
636 1991 874 2054 possideri,
913 1991 973 2036 sic
1012 1991 1219 2047 omnino,
1252 2002 1299 2036 ut
1330 1991 1492 2036 nullius
1531 1992 1633 2036 mali
1668 1991 1736 2036 vel

356 2063 476 2121 signa
499 2072 764 2108 remaneant.
790 2084 810 2103 n
835 2062 927 2107 Fiet
954 2062 1063 2116 hoc,
1091 2072 1132 2106 et
1166 2062 1261 2124 ipsa
1280 2078 1375 2124 spes
1400 2072 1462 2106 est
1485 2061 1735 2107 indubitata

356 2132 566 2178 fidelium.
600 2132 685 2176 Sed
708 2132 886 2195 quando
911 2132 1187 2194 perficiatur,
1210 2133 1254 2176 in
1278 2142 1489 2194 promptu
1507 2141 1567 2176 est
1587 2131 1735 2176 catho·

353 2201 451 2247 licae
474 2201 591 2247 fidei.
620 2202 747 2246 Tunc
765 2202 880 2247 enim
898 2201 1069 2246 dicetur
1090 2201 1334 2247 novissimae
1356 2201 1547 2246 inimicae
1569 2203 1697 2247 morti
1720 2219 1730 2246 ε

353 2293 374 2313 κ
397 2272 482 2316 Ubi
498 2283 559 2316 est
584 2273 805 2317 contentio
828 2283 928 2328 tua,
951 2273 1030 2317 ubi
1054 2283 1116 2317 est
1143 2272 1316 2317 aculeus
1341 2273 1469 2317 tuus2
1485 2275 1502 2317 Ξ)
1520 2294 1540 2313 »

420 2341 562 2387 XVII.
605 2343 713 2386 ltem
738 2342 856 2404 quod
879 2359 1190 2387 commemoras
1217 2341 1369 2386 dixisse
1386 2342 1591 2387 Basilium
1617 2360 1627 2387 ε
1650 2364 1670 2383 α
1688 2342 1733 2387 Si

354 2412 523 2458 castitas
552 2411 690 2457 virtus
731 2423 792 2456 est
811 2449 821 2467 ‚
859 2429 1018 2474 corpus
1051 2428 1154 2457 vero
1192 2411 1532 2457 substantialiter
1568 2412 1731 2458 malum

354 2493 482 2537 esset,
502 2481 770 2544 impossibile
794 2493 884 2527 erat
903 2493 1072 2527 castum
1091 2499 1251 2545 corpus
1269 2483 1482 2535 inveniri3
1508 2482 1610 2545 quia
1635 2500 1729 2528 cor-

352 2569 437 2616 pus
454 2551 739 2616 turpitudinis
757 2589 768 2608 ,
797 2552 969 2599 virtutis
993 2569 1082 2597 non
1104 2553 1225 2599 fieret
1241 2569 1401 2616 corpus
1422 2571 1433 2612 ;
1460 2569 1562 2599 cum
1587 2563 1730 2599 autem

400 2636 411 2658 ¹
433 2633 550 2670 Matth.
571 2645 638 2674 xxx,
655 2635 712 2668 26.
728 2651 774 2660 --
793 2633 808 2659 ²
826 2647 839 2667 1
860 2638 934 2669 Cor.
951 2647 1009 2678 xv,
1032 2637 1089 2670 55.
