1843 3190
287 241 380 296 480
696 258 729 287 s.
774 256 1016 286 AtGusTmr
1053 255 1254 285 Eriscori

287 323 449 367 mitur?
492 323 559 367 Au
595 321 705 366 forte
741 322 875 366 vitam
922 331 1125 365 aeternam
1165 337 1251 365 non
1289 319 1397 365 dixit
1435 322 1670 384 Apostolus

286 392 490 452 gratiam3
513 393 600 436 imo
621 409 720 437 vero
740 392 800 437 sic
821 391 953 443 dixit,
973 401 1021 436 ut
1042 391 1184 450 negari
1201 391 1377 436 omnino
1393 409 1481 437 nou
1503 393 1637 455 possit
1656 413 1667 446 3

286 479 365 507 nec
401 462 709 506 intellectorem
747 472 923 507 acutum
949 498 960 517 ‚
1000 460 1072 505 sed
1113 461 1416 506 tantummodo
1452 462 1667 508 intentum

286 531 499 576 desideret
520 531 783 578 auditorem.
820 534 931 576 Cum
968 531 1082 575 enim
1114 530 1284 575 dixisset
1311 548 1322 575 ε
1351 531 1668 594 «Stipendium

288 622 308 642 »
334 602 501 664 peccati
535 619 650 647 mors
685 620 694 646 :
736 623 755 643 »
797 602 1006 647 continuo
1042 600 1273 646 subdidit:
1303 622 1324 643 «
1349 602 1499 647 Gratia
1523 613 1668 648 autem

287 693 307 713 ›>
335 671 413 716 Dei
437 672 525 717 vita
545 682 708 717 aeterna
733 673 774 717 in
803 671 980 717 Christo
998 674 1095 715 Jesu
1117 671 1304 716 Domino
1328 683 1474 717 nostro
1489 671 1522 716 1.
1551 694 1570 713 ›>

351 742 448 788 XX.
478 742 563 786 Ista
586 759 686 801 ergo
711 742 894 805 quaestio
921 741 1040 786 nullo
1069 741 1198 786 modo
1223 742 1333 786 mihi
1354 742 1528 787 videtur
1546 759 1668 805 posse

287 811 482 865 dissolvi,
510 811 590 855 nisi
612 811 903 871 intelligamus
928 822 969 856 et
990 812 1084 873 ipsa
1103 811 1221 855 bona
1246 827 1376 873 opera
1395 822 1540 857 nostra
1562 812 1668 874 qui-

285 881 369 926 bus
408 894 567 926 aeterna
601 881 799 927 redditur
834 881 919 927 vita
939 917 950 935 ‚
988 880 1042 926 ad
1088 881 1167 926 Dei
1202 881 1382 940 gratiam
1425 883 1663 945 pertinere,

285 961 468 1015 propter
499 950 609 995 illud
638 951 756 1014 quod
792 952 851 996 ait
881 951 1095 996 Dominus
1119 955 1239 996 Jesus
1261 968 1271 996 ι
1291 973 1310 992 «
1333 951 1435 996 Sine
1465 968 1532 996 me
1555 951 1666 996 nihil

287 1042 308 1063 »
333 1031 509 1084 potestis
542 1020 726 1068 facere‘2.
767 1043 786 1063 »
825 1022 881 1066 Et
920 1021 1012 1084 ipse
1056 1020 1288 1084 Apostolus
1326 1038 1427 1066 cum
1460 1021 1629 1066 dixisset
1651 1038 1661 1066 :

287 1113 307 1133 «
335 1092 483 1137 Gratia
504 1091 609 1136 salvi
629 1091 732 1137 facti
753 1092 851 1137 estis
876 1109 952 1155 per
976 1091 1106 1137 fidem
1125 1129 1135 1146 ,
1163 1103 1204 1137 et
1227 1092 1315 1137 hoc
1336 1109 1422 1137 nou
1442 1109 1489 1137 ex
1515 1091 1659 1147 vobis,

285 1185 306 1206 »
329 1162 401 1208 sed
429 1162 502 1207 Dei
525 1162 685 1207 donum
709 1174 798 1218 est,
829 1181 916 1208 non
939 1181 985 1208 ex
1013 1163 1218 1226 operibus
1233 1200 1243 1219 ‚
1272 1180 1324 1208 ne
1347 1163 1456 1208 forte
1477 1163 1574 1226 quis
1594 1180 1666 1208 ex-

286 1254 308 1275 »
335 1232 538 1278 tollatur3
564 1250 573 1277 z
601 1255 621 1274 »
647 1233 756 1278 vidit
782 1233 931 1296 utique
957 1243 1111 1296 putare
1131 1250 1254 1295 posse
1272 1232 1470 1277 homines
1497 1232 1582 1277 hoc
1604 1233 1662 1279 ita

285 1303 451 1348 dictum
469 1339 479 1356 ‚
514 1302 636 1364 quasi
663 1303 896 1347 necessaria
934 1319 1019 1346 non
1046 1302 1131 1347 sint
1152 1319 1282 1364 opera
1306 1303 1421 1346 bona
1446 1301 1662 1347 credenti-

284 1373 384 1427 bus‚
407 1371 479 1417 sed
493 1373 551 1417 eis
565 1371 669 1417 fides
689 1372 777 1417 sola
792 1371 1001 1426 sufficiat3
1023 1383 1064 1416 et
1084 1389 1234 1417 rursus
1252 1389 1375 1434 posse
1391 1371 1590 1416 homines
1610 1370 1664 1416 de

248 1478 250 1480 ψ
283 1445 411 1489 bonis
430 1444 636 1506 operibus
649 1441 791 1488 extolli
807 1480 817 1497 ,
839 1442 957 1488 velut
977 1443 1030 1488 ad
1051 1460 1097 1488 ea
1118 1442 1315 1488 facienda
1335 1442 1418 1487 sibi
1443 1442 1526 1505 ipsi
1548 1441 1663 1486 suffi-

284 1514 402 1560 ciant
423 1531 433 1559 t
456 1530 553 1558 mox
579 1514 725 1576 itaque
743 1512 912 1558 addidit
933 1531 942 1557 :
966 1535 986 1554 ι(
1014 1513 1154 1576 Ipsius
1175 1513 1288 1557 enim
1313 1529 1460 1557 sumus
1476 1512 1662 1571 figmen-

284 1607 304 1628 »
331 1596 423 1630 tum
442 1622 453 1640 ‚
479 1585 611 1629 creati
641 1585 687 1629 in
720 1584 897 1629 Christo
930 1585 1033 1629 Jesu
1068 1584 1112 1629 in
1139 1585 1345 1646 operibus
1382 1583 1506 1628 bonis
1523 1619 1534 1638 ‚
1560 1600 1661 1646 quae

283 1679 304 1699 ))
327 1655 594 1720 praeparavit
629 1657 769 1710 Deus,
798 1667 847 1700 ut
881 1657 925 1701 in
949 1655 1033 1701 illis
1060 1655 1379 1700 ambulemus4.
1410 1676 1430 1696 ›)
1454 1654 1574 1710 Quid
1599 1665 1661 1699 est

281 1727 370 1773 hoc
385 1765 396 1783 ‚
417 1726 537 1789 quod
550 1743 650 1771 cum
670 1727 750 1771 Dei
770 1727 951 1785 gratiam
971 1725 1282 1772 commendans
1301 1725 1470 1771 dixisset
1491 1742 1502 1769 ι
1525 1738 1547 1765 c<
1561 1725 1660 1770 Non

280 1818 302 1839 >³
325 1815 371 1843 ex
396 1796 602 1859 operibus
620 1833 630 1851 ‚
658 1814 710 1841 ne
729 1795 838 1841 forte
858 1797 953 1859 quis
976 1795 1231 1849 extollatur3
1259 1817 1279 1837 >2
1301 1813 1380 1840 cur
1398 1795 1484 1840 hoc
1508 1794 1660 1840 dixerit

277 1869 488 1913 rationem
504 1866 686 1911 reddens
709 1903 720 1919 ‚
744 1889 763 1907 «
784 1867 924 1929 Ipsius
948 1867 1061 1911 enim
1086 1883 1233 1911 sumus
1251 1903 1262 1921 ‚
1288 1865 1458 1928 inquit,
1480 1866 1658 1924 figmen-

281 1960 301 1980 ›>
327 1949 417 1984 tum
432 1975 442 1993 ‚
469 1937 601 1982 creati
621 1937 665 1981 in
682 1937 858 1982 Christo
879 1937 979 1982 Jesu
998 1937 1043 1982 in
1072 1937 1279 1999 operibus
1304 1936 1462 1981 bonis?
1483 1957 1503 1976 >³
1531 1936 1657 1990 Quo-

277 2008 410 2054 modo
441 2025 566 2066 erg0‚
595 2028 613 2047 <‹
635 2008 733 2052 Non
767 2025 814 2052 ex
846 2008 1079 2070 operibus,
1117 2024 1171 2051 ne
1205 2007 1315 2052 forte
1346 2006 1444 2069 quis
1475 2005 1656 2051 extolla-

278 2104 291 2121 »
310 2083 411 2126 tur?
425 2101 445 2120 2>
464 2078 548 2123 Sed
569 2078 688 2134 audi,
703 2089 744 2123 et
758 2078 964 2138 intellige,
983 2100 1000 2119 ε(
1018 2079 1115 2123 Non
1134 2095 1181 2122 ex
1200 2077 1406 2141 operibus
1425 2098 1445 2119 υ
1466 2076 1652 2133 dictum,

276 2161 485 2213 tanquam
499 2149 581 2193 tuis
596 2166 641 2193 ex
664 2160 703 2193 te
727 2149 821 2211 ipso
847 2148 927 2193 tibi
945 2148 1241 2202 existentibus,
1260 2146 1331 2192 sed
1361 2158 1566 2210 tanquam
1587 2146 1656 2191 his

272 2221 319 2266 in
341 2220 503 2284 quibus
523 2229 562 2262 te
583 2220 694 2263 Deus
720 2219 864 2273 finxit‚
891 2217 937 2263 id
960 2229 1046 2273 est,
1069 2217 1275 2263 formavit
1291 2227 1331 2262 et
1350 2217 1528 2263 creavit.
1556 2217 1654 2262 Hoc

271 2291 386 2337 enim
417 2289 506 2333 ait:
528 2309 547 2328 <‹
569 2288 709 2350 Ipsius
740 2305 888 2333 sumus
912 2288 1194 2347 figmentum,
1226 2287 1360 2333 creati
1391 2287 1437 2332 in
1471 2285 1652 2331 Christo

267 2383 287 2403 »
313 2360 415 2405 Jesu
448 2359 492 2403 iu
519 2359 725 2420 operibus
750 2359 874 2404 bonis
897 2376 908 2403 ε
934 2379 953 2399 ›>
977 2376 1066 2403 nou
1090 2358 1164 2403 illa
1207 2358 1422 2403 creatione
1450 2374 1537 2420 qua
1564 2356 1652 2401 ho-

266 2431 400 2476 mines
415 2428 518 2475 facti
541 2445 689 2474 sumus
704 2465 713 2482 ‚
740 2429 812 2475 sed
831 2447 879 2475 ea
903 2429 956 2475 de
981 2447 1068 2492 qua
1084 2428 1155 2474 ille
1175 2428 1371 2481 dicebat,
1391 2428 1467 2491 qui
1491 2427 1645 2491 utique

311 2540 321 2561 ¹
343 2541 436 2571 Rom.
454 2546 497 2576 w,
517 2538 571 2569 23.
589 2553 632 2560 —
659 2534 674 2558 ²
692 2538 786 2568 Joan.
813 2548 869 2576 xv,
901 2537 933 2571 5.
958 2555 1000 2561 —
1020 2534 1035 2560 3
1055 2536 1167 2580 Ephes.
1195 2544 1234 2581 ιι,
1256 2537 1289 2572 8,
1307 2553 1352 2561 -
1377 2532 1392 2557 4
1414 2534 1496 2567 ihil.
1530 2545 1583 2568 ιο.
