1843 3190
343 268 520 303 CONTRA
555 266 782 302 summum
815 268 1123 314 PELAGIANUM,
1162 271 1250 304 mn.
1293 273 1353 305 ιν.
1426 256 1513 303 301

141 335 228 385 sive
248 335 454 383 audibilis
468 373 481 394 ,
502 335 614 383 sicut
630 345 692 381 est
710 334 757 381 in
781 335 982 383 cantibus
1000 347 1131 401 atque
1151 337 1359 395 modulis,
1386 354 1519 402 quam

141 407 556 464 considerationem,
593 406 676 452 nisi
702 406 913 454 rationale
939 408 1100 455 animal
1125 409 1290 455 babere
1316 425 1405 454 non
1438 425 1520 472 po-

143 488 252 525 test:
284 490 327 526 et
353 478 472 525 aliud
504 488 566 524 est
594 478 830 524 commotio
855 478 1051 525 libidinis
1071 517 1082 536 ,
1110 496 1210 543 quae
1232 478 1400 525 ratione
1438 479 1520 525 fre-

141 549 284 596 nanda
302 560 377 597 est.
402 550 427 595 J
431 566 589 595 oannes
608 548 723 594 enim
742 549 964 613 apostolus
983 549 1104 595 illam
1121 549 1521 614 concupiscentiam

141 636 230 666 non
250 637 336 666 esse
359 618 467 666 dixit
495 636 518 665 a
547 619 700 676 Patre,
737 636 837 683 quae
868 619 1142 683 concupiscit
1166 620 1370 666 adversus
1392 620 1524 683 spiri-

142 699 238 735 tum
251 687 286 736 1.
317 689 462 745 Quam
494 704 621 733 nemo
657 698 800 752 potest
819 688 980 734 bonam
1004 688 1146 734 dicere
1163 726 1175 746 ,
1196 689 1277 734 nisi
1298 692 1422 749 cujus
1443 688 1524 734 ad-

141 774 288 807 versus
303 776 398 805 eam
418 774 508 804 non
528 768 644 804 amat
663 758 972 822 concupiscere
991 758 1183 822 spiritus.
1212 757 1343 815 Quod
1369 759 1404 804 si
1429 757 1524 803 talis

142 846 233 875 non
253 839 317 875 est
332 830 380 875 in
402 838 524 875 motu
555 838 597 874 et
625 827 778 874 ardore
796 828 1048 889 genitalium
1062 865 1073 885 ,
1098 845 1185 874 non
1204 827 1407 875 adversus
1428 844 1522 873 eam

144 900 432 964 concupiscat
462 899 663 964 spiritUS,
692 917 747 946 ne
775 899 976 946 adversus
999 899 1166 945 donum
1192 899 1273 946 Dei
1298 897 1526 961 concupis-

145 969 283 1016 cendo
308 969 556 1017 inveniatur
574 970 769 1030 ingratus
790 987 800 1014 :
825 969 898 1016 sed
921 969 1141 1033 quidquid
1169 968 1427 1032 appetiverit
1448 967 1527 1013 de-

144 1050 232 1097 tur,
250 1049 460 1103 tanquam
476 1039 540 1085 illi
563 1056 665 1103 quae
682 1056 731 1085 ex
749 1040 877 1085 Patre
897 1050 986 1094 est;
1006 1039 1041 1085 si
1058 1049 1204 1085 autem
1221 1056 1309 1084 non
1329 1048 1390 1084 est
1408 1036 1529 1101 quod

146 1109 290 1167 detur,
318 1110 405 1156 hoc
435 1110 581 1174 potius
614 1120 789 1174 petatur
822 1128 845 1156 a
874 1110 1003 1155 Patre
1021 1146 1033 1166 ,
1065 1126 1154 1156 non
1190 1119 1240 1155 ut
1270 1107 1433 1154 auferat
1462 1105 1530 1153 vel

147 1180 435 1244 comprimat,
465 1179 539 1226 sed
558 1190 607 1226 ut
623 1179 793 1243 expleat
816 1179 1219 1242 concupiscentiam
1242 1194 1373 1241 quam
1397 1177 1532 1222 dona-

146 1249 224 1296 vit.
253 1248 388 1308 Quod
410 1266 558 1313 sapere
581 1249 617 1296 si
644 1248 839 1312 desipere
863 1259 956 1303 est3
979 1258 1028 1294 ut
1054 1248 1161 1312 quid
1182 1265 1276 1293 eam
1297 1264 1532 1310 compara-

147 1337 244 1366 mus
261 1320 365 1367 vino
400 1331 443 1367 et
471 1320 574 1367 cibo
594 1357 605 1376 ,
630 1330 673 1366 et
692 1319 859 1384 aliquid
886 1319 1013 1366 nobis
1037 1318 1180 1365 dicere
1196 1318 1413 1374 videmur,
1431 1317 1533 1381 quia

149 1390 364 1438 dicimus:
392 1413 413 1433 «
434 1392 526 1437 Nec
547 1391 698 1438 vinum
734 1391 945 1447 ebrietas,
983 1407 1063 1437 nec
1097 1390 1248 1437 cibum
1275 1389 1536 1435 condemnet

150 1461 331 1525 crapula
359 1461 459 1524 (3),
482 1478 561 1508 nec
581 1461 983 1525 concupiscentiam
1002 1460 1180 1507 infamet
1203 1459 1490 1513 obscoenita53
1512 1479 1534 1500 »

150 1530 328 1596 quando
360 1548 440 1577 nec
465 1531 675 1589 ebrietas,
699 1548 779 1578 nec
812 1530 1020 1595 crapula,
1049 1547 1128 1577 1166
1153 1529 1418 1576 obscoenitas
1447 1527 1536 1573 ulla

152 1601 461 1658 committitur,
500 1602 536 1647 si
571 1601 712 1647 carnis
751 1600 1107 1665 concupiscentia
1145 1600 1302 1663 spiritu
1336 1598 1538 1646 adversus

152 1687 247 1717 eam
262 1671 606 1735 concupiscente
623 1671 853 1719 vincatur?
877 1693 898 1713 «
917 1672 1125 1717 Excessus
1142 1707 1154 1727 ,
1180 1670 1326 1733 inquis
1342 1706 1352 1725 ,
1374 1673 1464 1729 ejus
1492 1668 1539 1714 in

153 1740 286 1804 culpa
315 1751 436 1787 est.»
464 1740 555 1787 Nec
588 1741 801 1806 perspicis
833 1740 954 1805 quod
988 1739 1195 1787 facillime
1228 1739 1465 1803 potuisses,
1505 1737 1540 1783 si

153 1810 290 1870 magis
310 1811 468 1875 ipsam,
486 1828 619 1875 quam
637 1829 706 1858 me
723 1811 896 1858 vincere
912 1810 1118 1859 voluisses
1136 1830 1148 1865 3
1170 1820 1219 1856 ut
1238 1827 1326 1856 non
1349 1810 1426 1855 fiat
1443 1825 1540 1853 ma-

153 1879 248 1926 lum
277 1880 543 1939 excedendi,
578 1880 863 1927 resistendum
902 1898 990 1927 esse
1027 1880 1143 1926 malo
1182 1877 1535 1943 concupiscendi.

156 1951 257 1998 Duo
280 1968 380 2012 ergo
411 1951 526 1998 mala
554 1962 655 1998 sunt
672 1988 684 2009 ,
716 1968 905 2015 quorum
928 1968 1067 1997 unum
1092 1950 1307 1996 habemus
1325 1987 1337 2008 ,
1361 1948 1544 1995 alterum

155 2021 340 2068 facimus
359 2060 371 2079 ,
401 2022 436 2068 si
452 2022 490 2068 ei
512 2040 603 2069 non
624 2022 860 2068 resistimus
881 2022 1002 2086 quod
1022 2021 1251 2068 habemus.

222 2092 422 2139 LXXIV.
457 2093 557 2138 Jam
579 2109 680 2140 vero
710 2103 752 2138 et
788 2102 912 2139 antea
946 2091 1164 2149 diximus,
1203 2101 1434 2154 propterea
1456 2087 1544 2133 hoc

159 2177 248 2206 non
270 2178 356 2207 esse
378 2161 423 2207 in
448 2162 682 2225 pecoribus
700 2161 882 2218 malum,
905 2163 1009 2225 quia
1024 2161 1067 2206 in
1089 2161 1147 2207 eis
1168 2177 1257 2206 non
1276 2156 1550 2221 concupiscit

162 2230 364 2278 adversus
381 2232 597 2295 spiritum.
630 2233 730 2278 Non
750 2232 865 2277 enim
887 2232 1054 2278 habent
1070 2231 1282 2277 rationem
1301 2267 1311 2287 ,
1330 2246 1416 2293 qua
1445 2226 1549 2272 libi-

163 2300 284 2347 dines
307 2302 544 2362 subJugent
567 2301 812 2365 superando
830 2338 841 2358 ‚
880 2300 1115 2361 fatigentve
1148 2299 1401 2364 pugnando.
1439 2296 1548 2353 Quis

165 2381 309 2417 autem
328 2371 411 2417 tibi
433 2371 569 2418 dicit:
591 2372 808 2435 «Semper
826 2387 1036 2435 pecorum
1053 2371 1294 2417 imitatione
1309 2367 1513 2434 peccari?
1530 2387 1550 2406 »

167 2442 313 2498 Quam
344 2444 598 2490 sententiam
629 2460 718 2489 non
753 2443 836 2488 tibi
882 2442 1098 2502 obiectam
1131 2453 1251 2488 tanta
1291 2438 1552 2503 loquacitate

167 2510 357 2558 refellere
393 2512 627 2572 laborasti,
656 2524 707 2560 ut
741 2512 961 2578 superflua
997 2511 1136 2560 multa
1166 2512 1387 2572 colligeres
1406 2546 1418 2569 ‚
1459 2521 1559 2572 quae

225 2593 237 2618 ¹
259 2604 275 2625 1
296 2595 390 2628 Joan.
412 2605 457 2640 11,
477 2596 534 2630 26.
