1843 3190
228 319 402 352 coa-raa
439 318 666 354 autumn
704 317 1011 362 Panaenum,
1048 317 1134 352 Lm.
1180 318 1239 353 ιν».
1314 300 1406 354 255

37 381 132 435 Dei.
162 385 277 432 Deus
299 401 487 452 namque
504 385 619 451 ipse,
643 383 762 451 quod
786 383 925 443 absit,
953 383 1032 431 erit
1053 383 1239 446 injustus
1256 422 1267 444 ,
1293 387 1327 433 si
1352 385 1406 433 ad

36 461 128 519 ers
148 472 326 517 regnum
344 474 467 504 verus
499 475 586 504 non
617 455 864 502 admittitur
878 459 1018 516 justus
1038 472 1049 501 t
1074 473 1174 503 cum
1192 467 1233 503 et
1256 457 1406 521 ipsum

35 533 127 588 ejus
156 544 336 588 regnum
365 528 532 587 justitia
558 529 635 585 sit,
669 526 1040 591 quemadmodum
1065 528 1276 590 scriptum
1309 538 1368 573 est
1392 545 1402 573 ε

35 620 57 640 «
82 600 179 644 Non
203 609 264 644 est
280 615 459 657 regnum
477 599 555 644 Dei
579 615 672 644 esca
688 609 729 643 et
752 609 881 660 potus
896 634 906 653 ,
931 597 1003 642 sed
1018 598 1184 656 justitia
1205 634 1214 653 ,
1240 608 1282 643 et
1298 616 1403 661 pax,

0 726 1 730 Ἰ
36 691 58 712 »
81 680 122 715 et
154 668 411 729 gaudium1.
437 691 458 711 2>
477 671 614 715 Porro
647 669 680 714 si
709 686 853 714 veram
882 668 1098 727 justitiam
1123 685 1209 713 non
1241 668 1410 713 habent

0 742 1 747 ’
33 739 181 802 impii;
198 737 393 802 profecto
411 756 490 785 nec
514 739 617 786 alias
632 740 812 785 virtutes
831 739 1008 784 comites
1023 743 1113 799 ejus
1133 749 1175 784 et
1194 738 1329 784 socias
1345 776 1356 794 ,
1376 739 1409 784 si

35 826 143 872 quas
173 809 341 854 habent
359 846 369 865 ‚
403 826 524 855 veras
558 810 756 855 habent:
785 809 914 872 (quia
949 826 1049 854 cum
1079 826 1167 854 non
1191 808 1245 853 ad
1280 825 1407 854 suum

34 879 277 924 referuntur
294 889 515 924 auctorem
537 879 651 925 dona
671 880 774 935 Dei,
798 880 885 924 hoc
909 879 1003 941 ipso
1025 878 1126 924 mali
1151 878 1221 923 his
1241 889 1407 924 utentes

35 948 280 1012 efficiuntur
299 946 449 1008 inj'usti
466 968 476 995 :
496 949 512 1011 )
540 967 589 995 ac
615 967 692 1012 per
710 950 801 994 hoc
820 966 898 994 nec
921 948 1188 994 continentia
1213 948 1298 995 sive
1317 965 1406 1012 pu-

35 1019 184 1065 dicitia
202 1036 300 1064 vcra
319 1020 454 1064 virtus
477 1030 538 1064 est
554 1020 808 1082 impiorum.

98 1088 264 1134 XVIII.
307 1090 375 1133 Tu
393 1106 492 1134 vero
508 1100 598 1134 tam
616 1089 727 1134 male
746 1089 908 1151 accipis
923 1088 1040 1151 quod
1063 1088 1122 1132 ait
1139 1089 1370 1151 Apostolus
1394 1107 1405 1135 t

34 1179 55 1200 «
83 1158 193 1203 Nam
225 1158 301 1220 qui
335 1158 380 1203 in
408 1176 543 1217 agone
576 1158 826 1213 contendit,
861 1158 917 1202 ab
954 1157 1159 1203 omnibus
1184 1159 1408 1204 continens

34 1249 56 1270 »
79 1228 169 1274 est2
187 1246 199 1273 ς
217 1250 236 1270 ν
255 1238 304 1273 ut
320 1229 631 1274 continentiam
645 1267 657 1286 ,
681 1239 764 1274 tam
782 1244 983 1287 magnam
1002 1227 1204 1273 virtutem
1221 1265 1231 1284 ,
1254 1229 1307 1274 de
1324 1246 1411 1292 qua

33 1299 246 1361 scriptum
268 1308 331 1343 est
347 1335 358 1355 ‚
383 1299 502 1361 quod
527 1316 653 1344 nemo
673 1316 761 1344 esse
783 1309 925 1362 potest
947 1297 1174 1343 continens
1188 1299 1266 1343 nisi
1293 1301 1410 1345 Deus

35 1367 134 1413 det-³
154 1388 165 1421 ς
192 1368 321 1414 etiam
344 1368 574 1414 choraulas
592 1379 634 1413 et
652 1367 959 1427 hujuscemodi
979 1377 1126 1429 turpes
1138 1367 1405 1431 infamesque

33 1453 236 1501 personas
252 1438 416 1483 habere
435 1438 685 1485 contendas.
711 1438 769 1483 Hi
783 1438 899 1483 enim
918 1437 1095 1500 quando
1114 1437 1160 1482 in
1183 1455 1317 1497 agone
1336 1438 1410 1484 de-

34 1518 228 1563 certant,
248 1508 305 1553 ab
329 1508 532 1554 omnibus
569 1509 819 1565 continent,
844 1519 892 1553 ut
915 1507 1250 1570 corruptibilem
1275 1525 1405 1554 coro-

33 1594 137 1623 nam
161 1578 377 1641 accipiant
404 1596 415 1623 :
446 1597 469 1624 a
491 1582 616 1638 cujus
639 1589 783 1624 tamen
803 1595 914 1624 vana
934 1577 1177 1640 cupiditate
1194 1594 1283 1623 non
1297 1596 1409 1624 con-

33 1647 187 1694 tinent.
215 1648 322 1695 Haec
334 1648 449 1693 enim
466 1648 681 1711 cupiditas
696 1666 805 1695 vana
826 1665 876 1694 ac
894 1664 974 1711 per
988 1647 1076 1692 hoc
1089 1664 1225 1710 prava
1239 1685 1250 1704 ,
1271 1649 1410 1694 vincit

33 1717 80 1764 in
105 1719 162 1765 eis
194 1728 236 1764 et
271 1718 410 1764 frenat
441 1720 544 1765 alias
568 1736 726 1782 pravas
756 1718 1017 1781 cupiditates
1047 1734 1058 1762 z
1085 1728 1268 1781 propter
1289 1719 1409 1781 quod

35 1788 142 1834 dicti
166 1799 266 1834 sunt
295 1789 576 1836 continentes.
610 1788 696 1834 Sed
716 1799 763 1834 nt
783 1788 1076 1848 gravissimam
1106 1786 1266 1833 faceres
1289 1789 1410 1848 inju-

34 1858 144 1904 riam
182 1858 463 1921 Scipionibus
485 1896 496 1916 ,
531 1859 845 1905 continentiam
868 1874 1000 1920 quam
1023 1858 1068 1903 in
1091 1857 1149 1902 eis
1171 1867 1294 1903 tanto
1313 1859 1410 1904 elo-

34 1929 138 1992 quio
163 1928 440 1992 praedicasti,
464 1929 620 1975 dedisti
637 1940 678 1974 et
690 1929 980 1975 histrionibus
1007 1945 1017 1972 2
1045 1927 1245 1987 ignorans
1266 1929 1411 1991 Apos-

34 2000 174 2047 tolum
199 2037 210 2055 ‚
251 2016 353 2045 cum
401 2001 698 2047 exhortaretur
736 1999 935 2054 homines
981 1998 1034 2043 ad
1072 1997 1276 2044 virtutem
1297 2036 1308 2054 ,
1351 1999 1409 2045 sic

36 2069 279 2133 exemplum
318 2069 372 2114 de
408 2071 559 2118 vitiosa
604 2070 834 2116 hominum
882 2068 1107 2114 affectione
1150 2068 1380 2131 sumpsisse
1395 2106 1408 2125 ,

37 2140 405 2205 quemadmodum
430 2141 512 2186 alio
530 2141 630 2186 loco
652 2142 878 2204 Scriptura
893 2176 905 2196 ,
933 2156 1033 2185 cum
1059 2139 1113 2184 ad
1133 2156 1322 2184 amorem
1341 2156 1411 2184 sa-

35 2214 213 2276 pientiae
237 2211 436 2257 homines
470 2212 734 2268 hortaretur,
761 2210 1041 2275 quaerendam
1070 2210 1177 2255 dixit
1196 2227 1282 2255 esse
1300 2211 1412 2256 sicut

35 2283 282 2346 pecuniam.
315 2282 537 2345 Numquid
555 2292 783 2345 propterea
808 2291 954 2326 sancta
975 2280 1202 2343 Scriptura
1223 2279 1410 2325 dicenda

36 2364 101 2399 est
120 2353 316 2400 laudasse
336 2352 592 2399 avaritian14
612 2356 630 2398 ,ὓ
658 2352 743 2398 Sed
768 2352 869 2414 quia
899 2361 1052 2395 notum
1076 2360 1165 2406 est,
1199 2360 1411 2396 amatores

36 2425 237 2486 pecuniae
275 2423 447 2487 quantis
478 2422 695 2485 patienter
718 2421 943 2467 laboribus
967 2419 1279 2483 doloribusque
1303 2420 1413 2464 sub-

39 2493 217 2551 dantur,
240 2512 263 2539 a
286 2494 460 2557 quantis
481 2509 523 2538 se
545 2494 796 2539 contineant
817 2491 1119 2554 voluptatibus
1137 2526 1147 2547 ,
1169 2490 1256 2537 sive
1280 2488 1415 2552 cupi-

38 2563 174 2611 ditate
191 2564 374 2624 augendi
394 2564 626 2627 pecuniam
643 2601 656 2620 ,
685 2564 773 2610 sive
798 2563 951 2608 timore
970 2560 1222 2616 minuendi,
1247 2569 1410 2622 quanta

87 2646 99 2670 ¹
117 2649 211 2683 Rom.
230 2657 299 2692 mv,
319 2645 457 2689 17.—·2
479 2658 493 2678 1
514 2648 588 2680 Cor.
603 2647 722 2688 1x‚25.
736 2663 782 2670 —
803 2643 818 2670 3
834 2648 907 2689 Sap.
925 2656 998 2684 vm,
1018 2655 1075 2680 21.
1097 2659 1141 2669 -
1161 2640 1177 2667 ⁴
1191 2646 1287 2677 Prov.
1303 2647 1389 2683 11‚4.
