1843 3190
338 279 511 310 CONTRA
547 279 770 309 suffimen
809 280 1110 320 PELAOEANUW,
1152 280 1238 310 mr..
1284 281 1342 311 1v.
1418 263 1508 310 283

145 348 336 394 midante
370 346 660 400 commiserit,
701 363 796 391 reus
832 358 923 399 est,
962 348 1064 410 quia
1096 347 1275 391 timuit:
1314 346 1346 391 si
1373 355 1514 391 autem

146 418 320 482 aliquod
341 417 508 462 facinus
530 415 744 462 exultante
766 418 1026 480 perpetrarit
1051 417 1232 463 audacia
1248 454 1259 473 ,
1287 416 1407 462 velut
1425 433 1515 462 cre-

145 487 249 533 dens
276 505 317 534 se
335 504 382 532 ex
401 485 486 531 fide
510 484 650 531 facere
672 487 791 550 quod
815 487 924 533 male
947 488 1077 543 facit,
1107 487 1240 533 evasit
1269 486 1476 549 culpam?
1496 507 1517 527 n

147 557 275 614 Quod
300 556 476 621 quidem
511 573 733 619 nunquam
765 557 911 603 audivi
944 558 1086 603 dicere
1112 558 1393 603 Manichaeos.
1432 557 1515 602 Sed

145 628 249 693 quid
277 628 329 672 ad
351 644 452 682 ηοε,
485 627 572 673 sive
597 627 747 672 dicant
765 665 774 682 ‚
810 629 896 674 sive
927 629 1055 685 etia-m
1079 628 1183 691 ipsis
1205 627 1481 673 calumnieris
1503 645 1513 672 :

146 714 246 744 cum
272 697 357 742 hoc
382 696 596 742 catholica
626 696 727 742 fides
764 714 849 742 non
875 698 993 743 dicat
1011 735 1021 753 ‚
1063 715 1195 761 quam
1233 707 1452 752 tenemus,
1479 705 1521 741 et

146 771 270 828 cujUs
298 777 338 812 te
361 765 554 830 pondere
590 770 821 826 urgemus?
855 769 941 813 Nos
969 768 1082 814 enim
1115 785 1161 813 ea
1194 784 1293 830 quae
1318 766 1522 813 videntur

147 854 277 901 opera
294 837 436 893 bona,
460 836 646 882 dicimus
664 855 749 883 non
769 855 855 883 esse
878 855 975 889 vere
997 839 1115 884 bona
1139 838 1229 883 sine
1260 837 1346 882 fide
1366 854 1377 882 ε
1407 852 1524 900 quo-

147 908 263 953 niam
285 924 416 971 opera
434 924 531 953 vere
551 908 666 953 bona
698 925 866 954 necesse
901 920 963 954 est
984 912 1077 955 Deo
1105 908 1276 972 placere
1294 945 1305 964 ,
1335 907 1405 953 cui
1435 907 1524 952 sine

147 977 233 1022 fide
261 978 365 1041 quia
400 977 667 1040 impossibile
696 988 756 1022 est
791 978 989 1041 placere1
1010 1016 1020 1034 ‚
1054 978 1249 1042 profecto
1277 977 1397 1042 quod
1427 993 1526 1024 vere

147 1065 257 1111 opus
278 1058 338 1092 est
354 1048 521 1092 bonum
542 1084 552 1102 ‚
574 1048 662 1092 sine
686 1048 771 1093 fide
791 1066 877 1094 non
902 1059 1044 1112 potest
1077 1066 1177 1095 esse.
1219 1049 1526 1093 Verumtamen

147 1118 220 1164 illa
241 1135 368 1181 opera
390 1134 490 1181 quae
509 1118 775 1180 apertissime
792 1119 902 1164 mala
920 1130 1019 1164 sunt
1039 1156 1049 1173 ‚
1073 1136 1161 1164 non
1178 1117 1283 1163 facit
1303 1118 1410 1163 fides
1425 1133 1525 1180 quae

149 1206 228 1254 per
247 1188 522 1234 dilectionem
540 1190 776 1251 operatur2
802 1207 811 1234 :
840 1190 942 1253 quia
960 1189 1136 1235 dilectio
1154 1190 1341 1253 proximi
1363 1189 1526 1234 malum

150 1277 240 1305 non
259 1259 505 1322 operatur-⁹³.
574 1316 577 1319 ῃ

215 1331 313 1376 LII.
345 1351 364 1370 «
386 1330 509 1374 Bona
534 1329 665 1389 igitur
683 1330 1040 1393 concupiscentia
1065 1330 1296 1386 naturalis,
1318 1351 1337 1371 >2
1358 1329 1524 1393 inquis,

151 1399 368 1445 erubescis
387 1399 499 1445 enim
519 1398 661 1445 dicere
685 1400 893 1457 carnalis,
920 1422 938 1441 «
959 1401 1069 1458 Quae
1093 1417 1191 1446 cum
1210 1401 1324 1446 intra
1349 1399 1528 1445 modum

153 1486 276 1516 suum
302 1480 468 1515 tenetur
484 1506 495 1525 ‚
520 1469 663 1532 inquis
680 1507 690 1526 ‚
714 1470 833 1515 nulla
865 1470 965 1516 mali
999 1471 1241 1535 aspersione
1265 1480 1481 1533 turpatur.
1508 1489 1527 1510 >2

155 1541 389 1598 Quomodo
409 1540 704 1586 teneturintra
722 1541 902 1587 modum
918 1559 1042 1587 suum
1061 1558 1209 1607 quaeso
1226 1551 1288 1597 te3
1307 1539 1529 1604 quomodo

153 1622 348 1666 tenetur,
388 1611 471 1657 nisi
496 1628 595 1656 cum
634 1613 672 1657 ei
707 1611 948 1659 resistitur?
993 1614 1084 1658 Cur
1116 1623 1257 1658 autem
1291 1611 1527 1666 resistitur,

154 1682 235 1728 nisi
251 1699 316 1728 me
333 1682 514 1745 impleat
532 1681 741 1728 desideria
755 1682 894 1729 mala?
915 1683 1148 1740 Quomodo
1164 1694 1224 1728 est
1238 1682 1371 1743 igitur
1384 1682 1529 1727 bonas>

218 1754 339 1799 LIII.
372 1753 500 1798 Venis
529 1752 657 1798 etiam
682 1753 737 1799 ad
761 1754 893 1799 verba
930 1754 1003 1799 illa
1028 1753 1129 1799 libri
1160 1753 1269 1809 mei,
1305 1753 1384 1798 ubi
1404 1751 1526 1798 dixi:

156 1843 175 1865 «
196 1824 349 1868 Nonne
370 1823 434 1868 illi
457 1827 661 1883 conjuges
696 1823 857 1887 primi,
891 1841 1077 1888 quorum
1104 1823 1281 1886 nuptias
1313 1821 1533 1867 benedixit

159 1894 300 1949 Deus,
323 1892 500 1938 dicens:
525 1893 713 1938 Crescite
737 1904 778 1938 et
807 1893 1221 1957 multiplicamini43
1250 1891 1358 1938 nudi
1381 1902 1528 1947 erant,

158 1973 200 2008 et
222 1980 310 2008 nou
335 1961 750 2009 confundebantur?
773 1963 864 2008 Cur
881 1981 981 2023 ergo
1015 1981 1062 2008 ex
1079 1964 1163 2009 illis
1195 1963 1400 2009 membris
1423 1979 1532 2008 con-

156 2033 266 2079 fusio
288 2043 387 2096 post
408 2044 639 2096 peccatum
658 2071 667 2087 ‚
696 2033 778 2079 nisi
802 2034 904 2097 quia
934 2035 1073 2080 extitit
1091 2034 1182 2080 illic
1205 2033 1410 2079 indecens
1433 2049 1534 2077 mo-

157 2114 242 2159 tus,
266 2121 394 2166 quem
407 2141 418 2159 ‚
438 2104 519 2149 nisi
534 2104 731 2149 homines
747 2116 1022 2166 peccassent,
1040 2104 1196 2168 procul
1213 2103 1350 2150 dubio
1366 2104 1536 2166 nuptiae

156 2193 243 2221 non
267 2175 510 2220 haberent?
535 2197 554 2215 ›>
588 2175 694 2220 Haec
715 2176 848 2221 verba
877 2193 969 2222 mea
992 2193 1092 2222 cum
1111 2177 1277 2222 videres
1294 2173 1534 2220 secundum

158 2245 406 2308 Scripturas
422 2245 481 2291 ita
500 2245 641 2308 posita
658 2282 668 2300 ‚
691 2255 739 2290 ut
757 2245 1025 2309 quicumque
1048 2246 1247 2291 eumdem
1265 2246 1412 2291 locum
1431 2243 1537 2289 libri

156 2316 369 2361 Geneseos
402 2315 506 2375 legit
551 2326 624 2360 aut
657 2314 806 2375 legerit
826 2353 835 2370 ‚
876 2317 1096 2380 approbet
1133 2316 1222 2362 sine
1262 2313 1534 2361 dubitatione

154 2386 275 2450 quod
311 2386 423 2440 dixi;
466 2386 633 2449 prolixa
672 2386 976 2433 contradicens
1011 2387 1306 2451 disputatione
1346 2385 1536 2431 multum

153 2456 344 2512 sudasti,
373 2456 446 2502 sed
471 2474 558 2503 non
575 2457 810 2504 sincerasti.
844 2458 1074 2504 Perstitisti
1098 2459 1264 2522 quippe
1288 2458 1333 2503 in
1359 2466 1534 2502 senten—

203 2557 213 2578 ¹
241 2556 340 2588 Hebr.
369 2567 418 2600 xr,
450 2558 481 2590 6.
505 2576 547 2581 —
575 2556 590 2579 2
611 2558 716 2592 Galat.
752 2569 784 2595 v,
803 2560 833 2590 6.
861 2576 907 2581 ——
935 2557 949 2581 3
978 2562 1069 2591 Rom.
1090 2570 1164 2597 xm,
1191 2570 1306 2592 10‚—
1324 2554 1338 2579 ⁴
1356 2556 1426 2589 Lib.
1451 2566 1478 2586 1.
1497 2554 1537 2588 de

153 2614 254 2656 Nupt.
276 2618 307 2644 et
324 2613 469 2656 Concup.
489 2623 560 2656 cap.
582 2614 614 2647 5.
639 2631 677 2637 ·-
699 2612 713 2636 ⁵
732 2615 814 2647 Gen.
837 2624 864 2652 1,
886 2615 938 2647 28.
955 2632 1000 2638 -
1017 2612 1032 2637 6
1051 2614 1101 2646 Id.
1122 2625 1156 2653 11,
1179 2615 1235 2645 25.
