1843 3190
313 280 407 328 356
736 292 756 320 s
767 310 777 320 .
815 289 1060 320 aueusrrm
1091 289 1300 322 Emscopr

314 360 448 408 vultis
461 375 546 422 qua
556 357 652 403 illos
665 355 942 401 damnatione
955 355 1164 419 puniatis,
1183 354 1408 402 alienando
1424 373 1447 401 a
1458 355 1548 401 vita
1563 353 1642 400 Dei
1654 363 1697 399 et

321 448 484 492 aregno
501 429 583 475 Dei
597 438 661 473 tot
674 426 882 486 imagines
903 427 996 483 Dei,
1015 437 1233 489 postremo
1248 425 1487 490 separando
1499 443 1523 471 a
1536 441 1698 488 paren-

319 502 438 547 tibus
458 499 559 563 piis,
573 514 683 561 quos
706 496 759 542 ad
779 513 850 541 eos
867 496 1163 559 procreandos
1181 507 1270 542 tam
1288 496 1472 542 disertus
1488 494 1691 542 hortaris,

317 573 427 618 Haec
447 580 589 616 autem
606 569 765 627 injuste
783 568 1031 630 patiuntur,
1069 567 1103 613 si
1134 566 1304 613 nullum
1332 567 1498 618 habent
1522 565 1698 612 omnino

322 651 579 706 peccatum:
602 649 676 684 aut
701 637 734 682 si
748 641 881 697 juste,
906 654 1005 697 ergo
1031 637 1197 683 habent
1222 637 1429 698 originale
1445 646 1692 701 peccatum.

386 711 519 758 XLV.
562 709 666 755 Aliis
685 707 842 753 deinde
861 709 1099 771 propositis
1120 709 1224 754 meis
1240 709 1383 754 verbis
1403 708 1563 771 quibus
1582 723 1701 752 com-

319 780 554 830 memoravi
571 795 705 842 quam
731 778 910 822 honeste
936 779 1072 824 sancti
1097 778 1264 841 antiqui
1285 789 1428 841 patres
1439 776 1703 836 conJugibus

319 854 385 900 usi
406 851 594 903 fuerint3
617 848 727 894 dicis
760 870 780 889 α
803 849 885 893 Eos
909 865 999 893 non
1031 848 1106 894 hic
1136 849 1301 894 intuitu
1336 865 1514 912 operam
1537 846 1703 892 dedisse

319 919 605 988 propagini1²
639 929 688 964 ut
721 929 929 981 tanquam
951 935 1045 964 reos
1065 919 1286 979 gignerent
1309 919 1420 964 filios
1442 918 1704 981 baptismate

320 993 550 1042 diluendos
567 1029 577 1048 ‚
602 1008 651 1037 eo
671 991 792 1054 quod
816 991 1037 1054 baptisma
1057 1009 1145 1055 quo
1163 1009 1282 1038 nunc
1302 991 1567 1055 adoptamur
1589 1005 1705 1035 non-

321 1067 428 1113 dum
449 1064 592 1110 fuerat
624 1062 888 1108 institutum.
914 1083 934 1103 ν
959 1061 1057 1107 Hoc
1088 1061 1142 1107 de
1169 1062 1435 1125 baptismate
1459 1077 1612 1107 verum
1633 1059 1705 1105 di-

321 1138 384 1183 cis
405 1154 416 1181 :
438 1151 518 1181 nec
541 1132 640 1179 ideo
666 1143 810 1177 tamen
833 1132 1099 1178 credendum
1127 1143 1213 1188 est,
1248 1144 1289 1178 et
1322 1143 1420 1178 ante
1442 1132 1591 1178 datam
1613 1130 1709 1176 cir·-

323 1205 634 1254 cumcisionem
672 1202 859 1248 famulos
897 1203 1003 1259 Dei,
1052 1203 1411 1267 quandoquidem
1463 1203 1520 1249 eis
1569 1202 1707 1248 inerat

321 1276 577 1324 Mediatoris
600 1273 708 1319 fides
729 1273 776 1319 in
799 1291 928 1319 carne
947 1275 1144 1330 venturi,
1172 1274 1294 1320 nullo
1326 1284 1593 1320 sacramento
1616 1276 1708 1332 ejtis

323 1346 561 1412 opitulatos
579 1343 708 1389 fuisse
729 1344 926 1406 parvulis
959 1344 1069 1398 suis3
1096 1344 1295 1408 quamvis
1324 1344 1431 1408 quid
1463 1343 1574 1389 illud
1604 1353 1709 1388 esset

324 1420 469 1482 aliqua
486 1415 725 1462 necessaria
757 1432 886 1461 causa
921 1415 1149 1479 Scriptura
1186 1415 1320 1461 latere
1357 1414 1557 1462 voluerit.
1596 1414 1710 1459 Nam

323 1500 364 1535 et
382 1486 594 1534 sacrificia
611 1502 760 1531 eorum
779 1485 962 1545 legimus
981 1524 991 1543 ,
1016 1486 1177 1550 quibus
1195 1486 1345 1550 utique
1365 1485 1538 1545 sanguis
1552 1483 1624 1530 ille
1651 1484 1710 1529 fi-

323 1559 564 1619 gurabatur
579 1557 617 1613 2,
639 1556 717 1619 qui
743 1555 857 1601 solus
882 1556 995 1602 tollit
1015 1568 1248 1620 peccatum
1271 1557 1426 1603 mundi
1441 1556 1473 1603 5.
1506 1554 1711 1619 Apertius

323 1630 453 1674 etiam
471 1627 574 1686 legis
589 1629 682 1685 jam
702 1636 899 1689 ternpore
922 1627 1202 1673 nascentibus
1220 1627 1416 1690 parvulis
1432 1663 1444 1683 ‚
1465 1625 1710 1671 offereban-

326 1711 396 1745 tur
427 1697 638 1744 sacrificia
666 1712 749 1758 pro
785 1697 991 1758 peccatis.
1022 1697 1256 1760 Responde
1274 1735 1285 1754 ‚
1313 1714 1397 1760 pro
1422 1697 1583 1761 quibus
1602 1712 1711 1758 pec-

326 1769 445 1816 catis.
465 1766 651 1829 Respice
669 1765 798 1810 etiam
822 1765 906 1811 illis
925 1767 1232 1826 generantibus
1250 1768 1452 1831 patribus
1470 1761 1712 1830 perituram

324 1843 452 1889 fuisse
472 1842 660 1886 animam
677 1838 852 1902 parvuli
872 1839 925 1884 de
942 1839 1111 1903 populo
1135 1857 1212 1886 suo
1227 1878 1238 1897 ‚
1266 1841 1299 1886 si
1323 1840 1392 1886 die
1412 1857 1503 1885 non
1519 1839 1712 1885 circum-

327 1913 543 1960 cideretur
561 1920 714 1955 octavo
729 1908 746 1937 [⁸
769 1927 779 1954 ε
798 1920 839 1954 et
859 1910 1072 1973 responde
1088 1927 1176 1973 quo
1202 1911 1356 1956 merito
1380 1911 1561 1974 periret,
1582 1925 1712 1973 quem

327 2000 456 2043 negas
481 1980 679 2040 originali
709 1979 947 2025 obnoxium
970 1980 1099 2026 fuisse
1118 1992 1315 2044 peccato.

392 2053 550 2099 XLVI.
592 2052 690 2096 Jam
725 2067 826 2096 vero
863 2073 883 2092 «
903 2053 968 2096 De
1008 2051 1174 2114 Joseph
1190 2089 1201 2108 ‚
1238 2056 1365 2112 cujus
1400 2051 1586 2098 Mariam
1611 2061 1712 2097 teste

329 2122 564 2183 Evangelio
588 2124 854 2179 conjugem»
886 2120 998 2178 dixi,
1042 2121 1180 2166 multa
1215 2121 1293 2167 diu
1324 2122 1519 2186 disputas
1562 2131 1713 2167 contra

330 2193 586 2241 sententiam
613 2208 753 2236 meam
773 2229 783 2247 ‚
811 2202 854 2236 et
877 2191 1047 2237 conaris
1080 2191 1322 2249 ostendere,
1357 2214 1376 2234 α
1399 2193 1515 2249 Quia
1544 2208 1712 2237 concu-

329 2265 449 2310 bitus
483 2262 646 2317 defuit,
688 2261 809 2307 nullo
844 2262 977 2307 modo
1006 2261 1138 2308 fuisse
1171 2263 1456 2323 conjugium⁵
1476 2281 1486 2308 ε
1509 2284 1529 2304 >)
1557 2279 1607 2308 ac
1633 2278 1712 2325 per

329 2335 417 2380 hoc
433 2370 444 2389 ‚
471 2331 711 2378 secundum
734 2342 772 2376 te
789 2369 800 2387 ,
839 2349 941 2377 cum
971 2332 1212 2378 destiterint
1239 2333 1534 2378 concumbere
1554 2335 1714 2392 conju-

330 2422 400 2465 ges
421 2407 511 2463 jam
530 2419 616 2446 non
634 2412 762 2446 erunt
786 2405 991 2461 conjuges
1009 2439 1020 2458 ‚
1057 2412 1099 2447 et
1122 2402 1358 2448 divortium
1375 2402 1455 2448 erit
1472 2401 1547 2447 illa
1570 2418 1713 2447 cessa-

328 2475 403 2520 tio.
435 2470 568 2529 Quod
599 2487 652 2516 ne
691 2470 942 2530 contingat,
983 2481 1111 2531 agant
1142 2473 1256 2518 sicut
1291 2482 1475 2535 possunt
1498 2471 1713 2535 decrepiti

372 2576 383 2597 ¹
407 2573 480 2607 Lib.
505 2584 532 2604 1.
559 2572 598 2604 de
615 2573 716 2615 Nupt.
735 2577 768 2603 et
786 2572 926 2615 Concup.
946 2583 1018 2615 cap.
1037 2574 1117 2604 8.-
1134 2572 1262 2608 ²Levit.
1276 2585 1335 2608 xu-
1351 2572 1424 2601 -3
1442 2576 1537 2608 Joan.
1554 2585 1586 2614 1,
1604 2584 1711 2616 29.—

324 2626 340 2651 4
357 2630 442 2662 Gen.
456 2636 541 2668 xvxi,
562 2631 618 2662 14,
642 2643 685 2650 -
701 2623 715 2647 5
730 2623 803 2658 Lib.
822 2635 851 2657 1.
867 2624 906 2657 de
925 2626 1027 2668 Nupt.
1046 2636 1115 2670 cap.
1140 2638 1193 2660 11.

1817 0 1823 33 t

1818 169 1821 182 1

1802 0 1806 154 Ι

1802 155 1806 368 l

1802 370 1807 510 ς
