1843 3190
333 289 427 351 [276
741 304 775 333 s.
818 303 1065 334 AUGUSTINI
1098 303 1302 335 EPISCOPI

334 368 436 412 bata
453 404 464 424 ,
494 367 599 414 dixit
617 367 854 431 Discipulis
878 369 989 426 suis,
1034 392 1048 409 «
1069 369 1169 415 Sine
1200 387 1268 415 me
1299 368 1411 416 nihil
1435 369 1612 433 potestis
1639 369 1708 416 fa—

334 459 354 479 »
372 437 506 484 cerel.
528 460 548 480 »

397 508 516 554 XIV.
561 510 676 568 Ergo
708 508 934 555 redeamus
960 510 1014 555 ad
1055 511 1300 574 apostolum
1326 511 1540 569 Paulum,
1580 528 1709 576 quem

335 589 449 623 certe
467 579 710 625 invenimus
731 580 819 625 sine
839 580 936 625 ullis
954 582 1118 626 meritis
1134 582 1263 627 bonis
1286 620 1296 638 ‚
1329 583 1418 628 imo
1445 600 1544 628 cum
1565 582 1712 627 multis

337 649 498 693 meritis
532 649 670 704 malis,
716 651 794 695 Dei
821 651 1002 710 gratiam
1033 663 1313 698 consecutum
1350 652 1567 698 reddentis
1595 653 1712 698 bona

335 735 416 780 pro
447 718 595 764 malis:
622 720 845 765 videamus
868 721 976 783 quid
1013 721 1131 767 dicat
1160 739 1234 768 sua
1265 727 1357 782 jam
1386 723 1713 786 propinquante

337 789 551 850 passione,
579 791 771 835 scribens
805 791 859 836 ad
874 791 1158 836 Timotheum
1183 809 1194 836 ι
1219 794 1351 852 «Ego
1377 793 1492 837 enim
1514 796 1604 851 jam
1629 793 1712 836 im-

339 880 358 900 »
375 858 532 915 molor,
553 859 763 923 inquit‚et
785 872 954 925 tempus
974 862 1244 908 resolutionis
1263 880 1368 908 meae
1382 863 1524 908 instat.
1542 863 1715 907 Bonum

336 950 357 970 ι)
367 939 586 974 certamen
608 931 788 987 certavi,
806 949 982 977 cursum
993 934 1310 988 consummavi,
1328 933 1458 978 tidem
1473 933 1637 978 servavi
1649 933 1680 978 2.
1694 953 1714 973 >2

339 1000 426 1044 Ista
451 1000 600 1063 utique
619 1005 710 1061 jam
733 1003 885 1048 merita
916 1021 990 1049 sua
1013 1004 1129 1049 bona
1154 1015 1466 1050 commemorat
1491 1022 1501 1060 3
1532 1014 1580 1049 ut
1615 1013 1716 1066 post

337 1070 453 1115 bona
478 1071 628 1116 merita
649 1084 939 1137 consequatur
962 1091 1188 1130 coronam,
1217 1074 1293 1137 qui
1315 1085 1414 1138 post
1433 1073 1582 1119 merita
1604 1072 1716 1118 mala

339 1151 593 1186 consecutus
608 1153 669 1187 est
690 1145 889 1202 gratiam.
920 1146 1118 1207 Denique
1136 1145 1344 1190 attendite
1362 1144 1468 1208 quid
1489 1154 1714 1208 sequatur:

338 1232 358 1252 a
382 1215 611 1274 Superest,
634 1213 778 1277 inquit
797 1252 807 1269 ‚
832 1214 959 1259 mihi·
980 1232 1140 1260 corona
1158 1216 1342 1275 Justitiae
1365 1253 1375 1271 ‚
1410 1233 1539 1279 quam
1566 1213 1718 1260 reddet

338 1282 481 1327 »mihi
510 1284 717 1329 Dominus
739 1284 784 1329 in
817 1285 890 1330 illa
922 1286 1147 1345 tliejustus
1165 1286 1340 1345 judex3.
1363 1308 1381 1327 ›>
1412 1286 1494 1331 cui
1521 1284 1718 1330 redderet

339 1368 543 1399 coronam
562 1355 870 1414 justusjudex‚
892 1357 925 1402 si
944 1373 1028 1402 non
1054 1356 1254 1402 donasset
1278 1357 1458 1416 gratiam
1480 1355 1718 1401 misericors

338 1426 494 1485 pater?
523 1426 576 1468 Et
599 1425 820 1488 quomodo
844 1437 949 1471 esset
971 1427 1051 1472 ista
1080 1444 1241 1473 corona
1261 1427 1444 1487 justitiae
1463 1464 1474 1482 ,
1496 1426 1577 1471 nisi
1605 1442 1718 1489 prae-

339 1493 526 1539 cessisset
563 1495 698 1555 gratia
721 1513 820 1559 quae
850 1497 1067 1556 justificat
1106 1497 1332 1562 impium?
1371 1496 1607 1553 Quomodo
1638 1497 1719 1541 ista

338 1562 486 1610 debita
512 1566 766 1612 redderetur
786 1605 797 1622 ‚
835 1568 916 1613 nisi
938 1569 1059 1632 prius
1081 1568 1152 1614 illa
1188 1569 1374 1629 gratuita
1398 1569 1668 1615 donaretur?

401 1636 495 1682 XV.
537 1637 622 1682 Sed
648 1654 749 1683 cum
774 1638 928 1685 dicunt
951 1639 1172 1700 Pelagiani
1202 1640 1316 1685 hanc
1339 1657 1424 1685 esse
1458 1639 1591 1684 solam
1629 1655 1719 1683 non

335 1707 574 1753 secundum
614 1710 763 1755 merita
788 1722 931 1756 nostra
964 1712 1148 1771 gratiam
1169 1748 1179 1766 ,
1206 1728 1292 1774 qua
1333 1710 1503 1756 homini
1537 1719 1718 1772 peccata

337 1776 646 1836 dimittuntur;
666 1779 785 1826 illam
809 1798 910 1827 vero
932 1799 1032 1846 quae
1058 1781 1188 1827 datur
1219 1782 1261 1827 in
1292 1782 1390 1838 fine,
1414 1781 1461 1826 id
1483 1791 1561 1835 est,
1588 1791 1718 1825 aeter-

337 1865 436 1892 nam
468 1849 625 1905 vitam,
664 1852 826 1897 meritis
866 1854 1021 1898 nostris
1054 1852 1409 1916 praecedentibus
1443 1851 1600 1898 reddi:
1627 1867 1719 1895 res-

335 1918 620 1981 pondendum
653 1932 714 1967 est
737 1923 807 1969 eiS.
838 1923 883 1969 Si
905 1924 1019 1969 enim
1060 1924 1212 1969 merita
1239 1934 1385 1969 nostra
1422 1921 1717 1981 sicintollige-

337 2000 450 2043 rent,
491 2000 537 2034 ut
555 1991 681 2036 etiam
707 1992 916 2055 ipsadona
946 1995 1024 2040 Dei
1051 2012 1137 2040 esse
1162 2004 1486 2055 cognoscerent,
1508 2010 1594 2038 non
1615 2002 1719 2038 esset

336 2060 611 2122 reprobanda
635 2062 712 2107 ista
727 2064 936 2109 sententia
958 2082 968 2109 :
998 2066 1206 2128 quoniam
1228 2082 1332 2110 vero
1355 2065 1504 2109 merita
1524 2063 1719 2108 humana

336 2130 396 2174 sic
416 2130 677 2193 praedicant,
705 2144 752 2178 ut
771 2152 818 2178 ea
843 2151 889 2179 ex
920 2136 1177 2198 semetipso,
1202 2135 1364 2181 habere
1399 2133 1620 2180 hominem
1645 2132 1718 2177 di-

333 2211 435 2245 cant
453 2237 462 2255 ‚
511 2218 685 2263 prorsus
724 2204 957 2250 rectissime
997 2205 1232 2268 respondet
1274 2204 1506 2268 Apostolus
1527 2241 1537 2260 ,
1567 2224 1586 2244 «
1612 2202 1719 2259 Quis

334 2292 354 2312 »
379 2271 492 2316 enim
520 2282 560 2316 te
585 2272 953 2332 discernitPQuid
987 2286 1130 2321 autem
1150 2276 1287 2321 habes
1324 2275 1443 2338 quod
1477 2291 1563 2320 non
1599 2289 1718 2318 acce-

335 2341 505 2405 »pistiP
533 2343 574 2387 Si
602 2354 744 2389 autem
771 2355 812 2390 et
850 2346 1072 2409 accepisti,
1101 2346 1209 2410 quid
1235 2346 1433 2406 gloriaris
1468 2343 1592 2408 quasi
1627 2360 1717 2388 non

336 2414 590 2476 »acceperis
609 2413 653 2459 49
675 2437 694 2456 »
719 2417 901 2462 Prorsus
925 2418 1022 2463 talia
1052 2418 1258 2477 cogitanti
1277 2416 1491 2461 verissime
1512 2414 1674 2460 dicitur
1703 2430 1714 2457 ε

336 2485 462 2530 Dona
476 2502 551 2529 sua
569 2497 752 2532 coronat
783 2489 915 2542 Deus,
943 2507 1030 2534 non
1054 2489 1204 2535 merita
1237 2499 1326 2546 tua,
1348 2488 1380 2533 si
1401 2486 1479 2533 tibi
1499 2504 1522 2532 a
1541 2497 1582 2532 te
1601 2486 1713 2548 ipso,

337 2573 426 2602 non
445 2557 502 2602 ab
525 2557 599 2604 illo
620 2569 718 2604 sunt
739 2559 890 2605 merita
918 2569 1004 2607 tua.
1029 2561 1138 2607 Haec
1162 2560 1277 2606 enim
1297 2559 1331 2606 si
1349 2558 1450 2606 talia
1470 2566 1588 2613 sunt,
1604 2554 1715 2601 mala

383 2639 392 2662 ¹
410 2642 504 2672 Joan.
519 2652 571 2680 xv,
587 2643 617 2675 5.
636 2661 678 2667 —
697 2640 713 2664 2
731 2653 748 2673 2
767 2642 852 2677 Tim,
875 2654 918 2686 ιν,
939 2644 972 2676 6.
988 2661 1030 2668 --
1052 2640 1166 2677 31bid.
1187 2645 1220 2676 8.
1239 2661 1285 2668 --
1302 2641 1316 2666 ⁴
1339 2655 1351 2675 r
1371 2645 1448 2675 Cor.
1470 2654 1515 2681 lv,
1532 2653 1562 2681 7.
