<?xml version="1.0" encoding="UTF-8"?>
<!DOCTYPE html PUBLIC "-//W3C//DTD XHTML 1.0 Transitional//EN"
    "http://www.w3.org/TR/xhtml1/DTD/xhtml1-transitional.dtd">
<html xmlns="http://www.w3.org/1999/xhtml" xml:lang="en" lang="en">
 <head>
  <title>
</title>
<meta http-equiv="Content-Type" content="text/html;charset=utf-8" />
  <meta name='ocr-system' content='tesseract 3.04.00' />
  <meta name='ocr-capabilities' content='ocr_page ocr_carea ocr_par ocr_line ocrx_word'/>
</head>
<body>
  <div class='ocr_page' id='page_1' title='image "./operaomniaaccura35auguuoft/operaomniaaccura35auguuoft_0163.png"; bbox 0 0 1843 3190; ppageno 0'>
   <div class='ocr_carea' id='block_1_1' title="bbox 0 449 57 3190">
    <p class='ocr_par' dir='ltr' id='par_1_1' title="bbox 0 449 57 3190">
     <span class='ocr_line' id='line_1_1' title="bbox 0 449 57 3190; baseline 0 0"><span class='ocrx_word' id='word_1_1' title='bbox 0 449 57 3190; x_wconf 95' lang='lat' dir='ltr'> </span> 
     </span>
    </p>
   </div>
   <div class='ocr_carea' id='block_1_2' title="bbox 235 290 1441 345">
    <p class='ocr_par' dir='ltr' id='par_1_2' title="bbox 235 290 1441 345">
     <span class='ocr_line' id='line_1_2' title="bbox 235 290 1441 345; baseline 0.002 -10"><span class='ocrx_word' id='word_1_2' title='bbox 235 303 408 335; x_wconf 80' lang='lat' dir='ltr'>CONTRA</span> <span class='ocrx_word' id='word_1_3' title='bbox 444 302 669 336; x_wconf 80' lang='lat' dir='ltr'><strong>JULIANUM</strong></span> <span class='ocrx_word' id='word_1_4' title='bbox 704 301 1009 345; x_wconf 79' lang='lat' dir='ltr'>PELAGIANUM,</span> <span class='ocrx_word' id='word_1_5' title='bbox 1049 303 1136 334; x_wconf 76' lang='lat' dir='ltr'>rm.</span> <span class='ocrx_word' id='word_1_6' title='bbox 1180 305 1230 337; x_wconf 91' lang='lat'>11.</span> <span class='ocrx_word' id='word_1_7' title='bbox 1355 290 1441 338; x_wconf 81' lang='lat'>153</span> 
     </span>
    </p>
   </div>
   <div class='ocr_carea' id='block_1_3' title="bbox 36 367 1467 2663">
    <p class='ocr_par' dir='ltr' id='par_1_3' title="bbox 36 367 1467 2464">
     <span class='ocr_line' id='line_1_3' title="bbox 79 367 1448 433; baseline 0.001 -17"><span class='ocrx_word' id='word_1_8' title='bbox 79 370 317 418; x_wconf 79' lang='lat' dir='ltr'>carnatium</span> <span class='ocrx_word' id='word_1_9' title='bbox 342 386 552 433; x_wconf 82' lang='lat' dir='ltr'>compago</span> <span class='ocrx_word' id='word_1_10' title='bbox 571 367 778 424; x_wconf 77' lang='lat' dir='ltr'>solva-tur,</span> <span class='ocrx_word' id='word_1_11' title='bbox 801 367 939 413; x_wconf 84' lang='lat' dir='ltr'>omnis</span> <span class='ocrx_word' id='word_1_12' title='bbox 962 367 1103 413; x_wconf 88' lang='lat' dir='ltr'>nodus</span> <span class='ocrx_word' id='word_1_13' title='bbox 1123 370 1320 432; x_wconf 88' lang='lat' dir='ltr'>corporei</span> <span class='ocrx_word' id='word_1_14' title='bbox 1338 370 1448 417; x_wconf 84' lang='lat' dir='ltr'>laxe-</span> 
     </span>
     <span class='ocr_line' id='line_1_4' title="bbox 79 437 1449 501; baseline 0.001 -16"><span class='ocrx_word' id='word_1_15' title='bbox 79 452 154 486; x_wconf 83' lang='lat' dir='ltr'>tur</span> <span class='ocrx_word' id='word_1_16' title='bbox 173 457 289 485; x_wconf 87' lang='lat' dir='ltr'>usus.</span> <span class='ocrx_word' id='word_1_17' title='bbox 317 441 454 485; x_wconf 89' lang='lat' dir='ltr'>Nemo</span> <span class='ocrx_word' id='word_1_18' title='bbox 481 438 561 483; x_wconf 88' lang='lat' dir='ltr'>sibi</span> <span class='ocrx_word' id='word_1_19' title='bbox 594 437 866 494; x_wconf 75' lang='lat' dir='ltr'>blandiatur,</span> <span class='ocrx_word' id='word_1_20' title='bbox 896 438 1014 501; x_wconf 86' lang='lat' dir='ltr'>quod</span> <span class='ocrx_word' id='word_1_21' title='bbox 1037 438 1163 483; x_wconf 87' lang='lat' dir='ltr'>aliam</span> <span class='ocrx_word' id='word_1_22' title='bbox 1181 440 1449 500; x_wconf 82' lang='lat' dir='ltr'>figuramin-</span> 
     </span>
     <span class='ocr_line' id='line_1_5' title="bbox 36 507 1448 572; baseline 0 -17"><span class='ocrx_word' id='word_1_23' title='bbox 36 567 38 570; x_wconf 11' lang='lat' dir='ltr'>y</span> <span class='ocrx_word' id='word_1_24' title='bbox 81 509 238 565; x_wconf 87' lang='lat' dir='ltr'>duerit,</span> <span class='ocrx_word' id='word_1_25' title='bbox 256 509 436 572; x_wconf 65' lang='lat' dir='ltr'>mystica</span> <span class='ocrx_word' id='word_1_26' title='bbox 453 518 673 571; x_wconf 80' lang='lat' dir='ltr'>praecepta</span> <span class='ocrx_word' id='word_1_27' title='bbox 691 507 924 570; x_wconf 86' lang='lat' dir='ltr'>acceperit,</span> <span class='ocrx_word' id='word_1_28' title='bbox 949 507 1004 553; x_wconf 86' lang='lat' dir='ltr'>ad</span> <span class='ocrx_word' id='word_1_29' title='bbox 1024 508 1301 554; x_wconf 73' lang='lat' dir='ltr'>continentiae</span> <span class='ocrx_word' id='word_1_30' title='bbox 1321 509 1448 555; x_wconf 84' lang='lat' dir='ltr'>disci-</span> 
     </span>
     <span class='ocr_line' id='line_1_6' title="bbox 83 577 1448 641; baseline -0.001 -17"><span class='ocrx_word' id='word_1_31' title='bbox 83 579 287 641; x_wconf 81' lang='lat' dir='ltr'>ciplinam</span> <span class='ocrx_word' id='word_1_32' title='bbox 329 577 587 640; x_wconf 81' lang='lat' dir='ltr'>applicuerit</span> <span class='ocrx_word' id='word_1_33' title='bbox 614 577 822 622; x_wconf 80' lang='lat' dir='ltr'>animum.</span> <span class='ocrx_word' id='word_1_34' title='bbox 853 577 952 621; x_wconf 85' lang='lat' dir='ltr'>Non</span> <span class='ocrx_word' id='word_1_35' title='bbox 970 577 1089 639; x_wconf 85' lang='lat' dir='ltr'>quod</span> <span class='ocrx_word' id='word_1_36' title='bbox 1121 577 1322 623; x_wconf 81' lang='lat' dir='ltr'>volumus</span> <span class='ocrx_word' id='word_1_37' title='bbox 1360 578 1448 624; x_wconf 87' lang='lat' dir='ltr'>hoc</span> 
     </span>
     <span class='ocr_line' id='line_1_7' title="bbox 85 646 1452 709; baseline 0.001 -16"><span class='ocrx_word' id='word_1_38' title='bbox 85 649 277 707; x_wconf 83' lang='lat' dir='ltr'>agimus,</span> <span class='ocrx_word' id='word_1_39' title='bbox 304 649 376 693; x_wconf 83' lang='lat' dir='ltr'>sed</span> <span class='ocrx_word' id='word_1_40' title='bbox 411 647 529 709; x_wconf 88' lang='lat' dir='ltr'>quod</span> <span class='ocrx_word' id='word_1_41' title='bbox 561 647 660 692; x_wconf 85' lang='lat' dir='ltr'>odio</span> <span class='ocrx_word' id='word_1_42' title='bbox 699 647 913 691; x_wconf 81' lang='lat' dir='ltr'>habemus</span> <span class='ocrx_word' id='word_1_43' title='bbox 947 646 1033 691; x_wconf 83' lang='lat' dir='ltr'>hoc</span> <span class='ocrx_word' id='word_1_44' title='bbox 1069 646 1265 694; x_wconf 80' lang='lat' dir='ltr'>facimus.</span> <span class='ocrx_word' id='word_1_45' title='bbox 1310 648 1452 694; x_wconf 81' lang='lat' dir='ltr'>Multa</span> 
     </span>
     <span class='ocr_line' id='line_1_8' title="bbox 82 716 1453 780; baseline 0.001 -18"><span class='ocrx_word' id='word_1_46' title='bbox 82 728 285 780; x_wconf 73' lang='lat' dir='ltr'>operatur</span> <span class='ocrx_word' id='word_1_47' title='bbox 305 718 348 761; x_wconf 88' lang='lat' dir='ltr'>in</span> <span class='ocrx_word' id='word_1_48' title='bbox 371 718 496 762; x_wconf 83' lang='lat' dir='ltr'>nobis</span> <span class='ocrx_word' id='word_1_49' title='bbox 524 727 770 779; x_wconf 87' lang='lat' dir='ltr'>peccatum.</span> <span class='ocrx_word' id='word_1_50' title='bbox 813 716 950 761; x_wconf 82' lang='lat' dir='ltr'>Nobis</span> <span class='ocrx_word' id='word_1_51' title='bbox 987 716 1303 762; x_wconf 78' lang='lat' dir='ltr'>reluctantibus</span> <span class='ocrx_word' id='word_1_52' title='bbox 1334 718 1453 763; x_wconf 44' lang='lat' dir='ltr'>redi*</span> 
     </span>
     <span class='ocr_line' id='line_1_9' title="bbox 77 786 1450 849; baseline 0.001 -17"><span class='ocrx_word' id='word_1_53' title='bbox 77 787 187 832; x_wconf 77' lang='lat' dir='ltr'>vivae</span> <span class='ocrx_word' id='word_1_54' title='bbox 207 787 462 849; x_wconf 85' lang='lat' dir='ltr'>plerumque</span> <span class='ocrx_word' id='word_1_55' title='bbox 486 786 726 849; x_wconf 85' lang='lat' dir='ltr'>voluptates</span> <span class='ocrx_word' id='word_1_56' title='bbox 750 797 993 845; x_wconf 81' lang='lat' dir='ltr'>resurgunt.</span> <span class='ocrx_word' id='word_1_57' title='bbox 1026 787 1304 832; x_wconf 86' lang='lat' dir='ltr'>Luctandum</span> <span class='ocrx_word' id='word_1_58' title='bbox 1325 788 1450 833; x_wconf 85' lang='lat' dir='ltr'>nobis</span> 
     </span>
     <span class='ocr_line' id='line_1_10' title="bbox 80 856 1443 902; baseline 0.001 -2"><span class='ocrx_word' id='word_1_59' title='bbox 80 866 139 900; x_wconf 84' lang='lat' dir='ltr'>est</span> <span class='ocrx_word' id='word_1_60' title='bbox 161 856 361 901; x_wconf 83' lang='lat' dir='ltr'>adversus</span> <span class='ocrx_word' id='word_1_61' title='bbox 380 873 566 902; x_wconf 86' lang='lat' dir='ltr'>carnem.</span> <span class='ocrx_word' id='word_1_62' title='bbox 599 858 806 901; x_wconf 85' lang='lat' dir='ltr'>Luctatus</span> <span class='ocrx_word' id='word_1_63' title='bbox 824 866 885 901; x_wconf 88' lang='lat' dir='ltr'>est</span> <span class='ocrx_word' id='word_1_64' title='bbox 905 856 1107 901; x_wconf 75' lang='lat' dir='ltr'>adversus</span> <span class='ocrx_word' id='word_1_65' title='bbox 1131 873 1223 901; x_wconf 85' lang='lat' dir='ltr'>eam</span> <span class='ocrx_word' id='word_1_66' title='bbox 1248 857 1409 902; x_wconf 85' lang='lat' dir='ltr'>Paulus</span> <span class='ocrx_word' id='word_1_67' title='bbox 1432 876 1443 902; x_wconf 73' lang='grc' dir='ltr'>ε</span> 
     </span>
     <span class='ocr_line' id='line_1_11' title="bbox 81 925 1447 989; baseline 0.002 -19"><span class='ocrx_word' id='word_1_68' title='bbox 81 925 266 989; x_wconf 86' lang='lat' dir='ltr'>denique</span> <span class='ocrx_word' id='word_1_69' title='bbox 287 926 362 982; x_wconf 83' lang='lat' dir='ltr'>ait,</span> <span class='ocrx_word' id='word_1_70' title='bbox 381 947 400 967; x_wconf 88' lang='lat'>«</span> <span class='ocrx_word' id='word_1_71' title='bbox 420 926 556 971; x_wconf 76' lang='lat' dir='ltr'>Video</span> <span class='ocrx_word' id='word_1_72' title='bbox 581 938 725 972; x_wconf 84' lang='lat' dir='ltr'>autem</span> <span class='ocrx_word' id='word_1_73' title='bbox 758 926 883 971; x_wconf 86' lang='lat' dir='ltr'>aliam</span> <span class='ocrx_word' id='word_1_74' title='bbox 903 926 1036 986; x_wconf 83' lang='lat' dir='ltr'>legem</span> <span class='ocrx_word' id='word_1_75' title='bbox 1054 927 1100 970; x_wconf 90' lang='lat' dir='ltr'>in</span> <span class='ocrx_word' id='word_1_76' title='bbox 1119 928 1323 972; x_wconf 83' lang='lat' dir='ltr'>membris</span> <span class='ocrx_word' id='word_1_77' title='bbox 1345 928 1447 973; x_wconf 86' lang='lat' dir='ltr'>meis</span> 
     </span>
     <span class='ocr_line' id='line_1_12' title="bbox 80 995 1454 1057; baseline 0.003 -20"><span class='ocrx_word' id='word_1_78' title='bbox 80 1016 101 1037; x_wconf 74' lang='lat'>2)</span> <span class='ocrx_word' id='word_1_79' title='bbox 125 1006 437 1057; x_wconf 79' lang='lat' dir='ltr'>repugnantem</span> <span class='ocrx_word' id='word_1_80' title='bbox 475 995 557 1054; x_wconf 83' lang='lat' dir='ltr'>legi</span> <span class='ocrx_word' id='word_1_81' title='bbox 574 996 727 1041; x_wconf 84' lang='lat' dir='ltr'>mentis</span> <span class='ocrx_word' id='word_1_82' title='bbox 763 1012 887 1051; x_wconf 73' lang='lat' dir='ltr'>meae,</span> <span class='ocrx_word' id='word_1_83' title='bbox 926 1006 967 1040; x_wconf 86' lang='lat' dir='ltr'>et</span> <span class='ocrx_word' id='word_1_84' title='bbox 1001 995 1294 1057; x_wconf 81' lang='lat' dir='ltr'>captivantem</span> <span class='ocrx_word' id='word_1_85' title='bbox 1320 1014 1386 1041; x_wconf 89' lang='lat' dir='ltr'>me</span> <span class='ocrx_word' id='word_1_86' title='bbox 1408 997 1454 1041; x_wconf 91' lang='lat' dir='ltr'>in</span> 
     </span>
     <span class='ocr_line' id='line_1_13' title="bbox 81 1063 1451 1127; baseline 0.003 -20"><span class='ocrx_word' id='word_1_87' title='bbox 81 1064 211 1124; x_wconf 83' lang='lat' dir='ltr'>»lege</span> <span class='ocrx_word' id='word_1_88' title='bbox 245 1063 464 1126; x_wconf 73' lang='lat' dir='ltr'>peccati1.</span> <span class='ocrx_word' id='word_1_89' title='bbox 492 1085 512 1105; x_wconf 80' lang='lat'>›&gt;</span> <span class='ocrx_word' id='word_1_90' title='bbox 540 1064 768 1126; x_wconf 83' lang='lat' dir='ltr'>Numquid</span> <span class='ocrx_word' id='word_1_91' title='bbox 808 1075 855 1108; x_wconf 90' lang='lat' dir='ltr'>tu</span> <span class='ocrx_word' id='word_1_92' title='bbox 875 1100 885 1119; x_wconf 86' lang='lat'>,</span> <span class='ocrx_word' id='word_1_93' title='bbox 913 1065 1073 1127; x_wconf 83' lang='lat' dir='ltr'>inquit,</span> <span class='ocrx_word' id='word_1_94' title='bbox 1100 1064 1253 1110; x_wconf 87' lang='lat' dir='ltr'>fortior</span> <span class='ocrx_word' id='word_1_95' title='bbox 1286 1066 1451 1111; x_wconf 64' lang='lat' dir='ltr'>Paulo?</span> 
     </span>
     <span class='ocr_line' id='line_1_14' title="bbox 81 1133 1451 1196; baseline 0.001 -17"><span class='ocrx_word' id='word_1_96' title='bbox 81 1138 172 1179; x_wconf 84' lang='lat' dir='ltr'>Nec</span> <span class='ocrx_word' id='word_1_97' title='bbox 197 1144 402 1196; x_wconf 82' lang='lat' dir='ltr'>tanquam</span> <span class='ocrx_word' id='word_1_98' title='bbox 422 1133 583 1179; x_wconf 85' lang='lat' dir='ltr'>sedulae</span> <span class='ocrx_word' id='word_1_99' title='bbox 610 1134 729 1179; x_wconf 88' lang='lat' dir='ltr'>carni</span> <span class='ocrx_word' id='word_1_100' title='bbox 763 1144 847 1179; x_wconf 83' lang='lat' dir='ltr'>tuae</span> <span class='ocrx_word' id='word_1_101' title='bbox 869 1133 1081 1189; x_wconf 87' lang='lat' dir='ltr'>confidas,</span> <span class='ocrx_word' id='word_1_102' title='bbox 1105 1145 1205 1180; x_wconf 80' lang='lat' dir='ltr'>etto</span> <span class='ocrx_word' id='word_1_103' title='bbox 1222 1135 1259 1180; x_wconf 89' lang='lat' dir='ltr'>ei</span> <span class='ocrx_word' id='word_1_104' title='bbox 1284 1135 1451 1191; x_wconf 77' lang='lat' dir='ltr'>credas,</span> 
     </span>
     <span class='ocr_line' id='line_1_15' title="bbox 82 1202 1459 1265; baseline 0.001 -18"><span class='ocrx_word' id='word_1_105' title='bbox 82 1220 181 1247; x_wconf 89' lang='lat' dir='ltr'>cum</span> <span class='ocrx_word' id='word_1_106' title='bbox 212 1202 441 1264; x_wconf 83' lang='lat' dir='ltr'>Apostolus</span> <span class='ocrx_word' id='word_1_107' title='bbox 473 1202 665 1248; x_wconf 88' lang='lat' dir='ltr'>clamitet</span> <span class='ocrx_word' id='word_1_108' title='bbox 689 1220 699 1247; x_wconf 72' lang='grc' dir='ltr'><strong>ε</strong></span> <span class='ocrx_word' id='word_1_109' title='bbox 723 1224 743 1243; x_wconf 90' lang='lat'>«</span> <span class='ocrx_word' id='word_1_110' title='bbox 770 1203 868 1248; x_wconf 86' lang='lat' dir='ltr'>Scio</span> <span class='ocrx_word' id='word_1_111' title='bbox 901 1203 1016 1247; x_wconf 85' lang='lat' dir='ltr'>enim</span> <span class='ocrx_word' id='word_1_112' title='bbox 1052 1203 1153 1265; x_wconf 89' lang='lat' dir='ltr'>quia</span> <span class='ocrx_word' id='word_1_113' title='bbox 1176 1221 1263 1248; x_wconf 90' lang='lat' dir='ltr'>non</span> <span class='ocrx_word' id='word_1_114' title='bbox 1286 1204 1459 1248; x_wconf 84' lang='lat' dir='ltr'>habitat</span> 
     </span>
     <span class='ocr_line' id='line_1_16' title="bbox 83 1271 1452 1332; baseline 0.002 -17"><span class='ocrx_word' id='word_1_115' title='bbox 83 1292 103 1312; x_wconf 83' lang='lat'>›&gt;</span> <span class='ocrx_word' id='word_1_116' title='bbox 121 1272 163 1316; x_wconf 86' lang='lat' dir='ltr'>in</span> <span class='ocrx_word' id='word_1_117' title='bbox 195 1289 278 1327; x_wconf 84' lang='lat' dir='ltr'>me,</span> <span class='ocrx_word' id='word_1_118' title='bbox 305 1271 348 1316; x_wconf 88' lang='lat' dir='ltr'>id</span> <span class='ocrx_word' id='word_1_119' title='bbox 371 1281 449 1326; x_wconf 84' lang='lat' dir='ltr'>est,</span> <span class='ocrx_word' id='word_1_120' title='bbox 477 1272 521 1317; x_wconf 85' lang='lat' dir='ltr'>in</span> <span class='ocrx_word' id='word_1_121' title='bbox 543 1289 671 1318; x_wconf 90' lang='lat' dir='ltr'>carne</span> <span class='ocrx_word' id='word_1_122' title='bbox 691 1289 788 1318; x_wconf 87' lang='lat' dir='ltr'>mea</span> <span class='ocrx_word' id='word_1_123' title='bbox 819 1273 983 1317; x_wconf 86' lang='lat' dir='ltr'>bonum</span> <span class='ocrx_word' id='word_1_124' title='bbox 1002 1290 1012 1317; x_wconf 92' lang='lat'><strong>:</strong></span> <span class='ocrx_word' id='word_1_125' title='bbox 1034 1291 1135 1318; x_wconf 85' lang='lat' dir='ltr'>nam</span> <span class='ocrx_word' id='word_1_126' title='bbox 1153 1273 1260 1319; x_wconf 88' lang='lat' dir='ltr'>velle</span> <span class='ocrx_word' id='word_1_127' title='bbox 1281 1273 1452 1332; x_wconf 81' lang='lat' dir='ltr'>adjacet</span> 
     </span>
     <span class='ocr_line' id='line_1_17' title="bbox 84 1341 1456 1404; baseline 0.004 -21"><span class='ocrx_word' id='word_1_128' title='bbox 84 1362 104 1382; x_wconf 82' lang='lat'>»</span> <span class='ocrx_word' id='word_1_129' title='bbox 127 1341 253 1395; x_wconf 77' lang='lat' dir='ltr'>mihi,</span> <span class='ocrx_word' id='word_1_130' title='bbox 282 1342 488 1404; x_wconf 87' lang='lat' dir='ltr'>perficere</span> <span class='ocrx_word' id='word_1_131' title='bbox 522 1353 663 1388; x_wconf 86' lang='lat' dir='ltr'>autem</span> <span class='ocrx_word' id='word_1_132' title='bbox 687 1343 855 1388; x_wconf 89' lang='lat' dir='ltr'>bonum</span> <span class='ocrx_word' id='word_1_133' title='bbox 887 1360 976 1388; x_wconf 91' lang='lat' dir='ltr'>non</span> <span class='ocrx_word' id='word_1_134' title='bbox 999 1343 1186 1390; x_wconf 75' lang='lat' dir='ltr'>invenio.</span> <span class='ocrx_word' id='word_1_135' title='bbox 1219 1345 1318 1389; x_wconf 87' lang='lat' dir='ltr'>Non</span> <span class='ocrx_word' id='word_1_136' title='bbox 1341 1344 1456 1389; x_wconf 89' lang='lat' dir='ltr'>enim</span> 
     </span>
     <span class='ocr_line' id='line_1_18' title="bbox 83 1411 1460 1475; baseline 0.003 -21"><span class='ocrx_word' id='word_1_137' title='bbox 83 1411 243 1474; x_wconf 82' lang='lat' dir='ltr'>»quod</span> <span class='ocrx_word' id='word_1_138' title='bbox 280 1411 379 1456; x_wconf 77' lang='lat' dir='ltr'>volo</span> <span class='ocrx_word' id='word_1_139' title='bbox 419 1411 532 1457; x_wconf 76' lang='lat' dir='ltr'>facio</span> <span class='ocrx_word' id='word_1_140' title='bbox 567 1413 733 1457; x_wconf 88' lang='lat' dir='ltr'>bonum</span> <span class='ocrx_word' id='word_1_141' title='bbox 763 1431 772 1457; x_wconf 93' lang='lat'><strong>:</strong></span> <span class='ocrx_word' id='word_1_142' title='bbox 810 1412 882 1458; x_wconf 86' lang='lat' dir='ltr'>sed</span> <span class='ocrx_word' id='word_1_143' title='bbox 914 1413 1033 1475; x_wconf 89' lang='lat' dir='ltr'>quod</span> <span class='ocrx_word' id='word_1_144' title='bbox 1058 1413 1158 1459; x_wconf 91' lang='lat' dir='ltr'>nolo</span> <span class='ocrx_word' id='word_1_145' title='bbox 1183 1413 1346 1458; x_wconf 88' lang='lat' dir='ltr'>malum</span> <span class='ocrx_word' id='word_1_146' title='bbox 1374 1414 1460 1459; x_wconf 86' lang='lat' dir='ltr'>hoc</span> 
     </span>
     <span class='ocr_line' id='line_1_19' title="bbox 84 1481 1458 1546; baseline 0.004 -23"><span class='ocrx_word' id='word_1_147' title='bbox 84 1503 104 1523; x_wconf 82' lang='lat'>»</span> <span class='ocrx_word' id='word_1_148' title='bbox 129 1498 208 1539; x_wconf 83' lang='lat' dir='ltr'>ago</span> <span class='ocrx_word' id='word_1_149' title='bbox 233 1481 266 1527; x_wconf 80' lang='lat'>2.</span> <span class='ocrx_word' id='word_1_150' title='bbox 290 1502 311 1522; x_wconf 85' lang='lat'>»</span> <span class='ocrx_word' id='word_1_151' title='bbox 338 1481 384 1526; x_wconf 87' lang='lat' dir='ltr'>Si</span> <span class='ocrx_word' id='word_1_152' title='bbox 407 1492 549 1527; x_wconf 88' lang='lat' dir='ltr'>autem</span> <span class='ocrx_word' id='word_1_153' title='bbox 563 1482 685 1545; x_wconf 89' lang='lat' dir='ltr'>quod</span> <span class='ocrx_word' id='word_1_154' title='bbox 701 1483 801 1527; x_wconf 91' lang='lat' dir='ltr'>nolo</span> <span class='ocrx_word' id='word_1_155' title='bbox 823 1483 910 1528; x_wconf 88' lang='lat' dir='ltr'>hoc</span> <span class='ocrx_word' id='word_1_156' title='bbox 929 1499 1025 1541; x_wconf 78' lang='lat' dir='ltr'>agO.</span> <span class='ocrx_word' id='word_1_157' title='bbox 1041 1487 1135 1542; x_wconf 83' lang='lat' dir='ltr'>jam</span> <span class='ocrx_word' id='word_1_158' title='bbox 1160 1501 1246 1528; x_wconf 90' lang='lat' dir='ltr'>non</span> <span class='ocrx_word' id='word_1_159' title='bbox 1266 1500 1342 1543; x_wconf 88' lang='lat' dir='ltr'>ego</span> <span class='ocrx_word' id='word_1_160' title='bbox 1357 1500 1458 1546; x_wconf 88' lang='lat' dir='ltr'>ope-</span> 
     </span>
     <span class='ocr_line' id='line_1_20' title="bbox 83 1550 1457 1615; baseline 0.002 -19"><span class='ocrx_word' id='word_1_161' title='bbox 83 1568 154 1596; x_wconf 88' lang='lat' dir='ltr'>ror</span> <span class='ocrx_word' id='word_1_162' title='bbox 166 1550 294 1606; x_wconf 84' lang='lat' dir='ltr'>illud,</span> <span class='ocrx_word' id='word_1_163' title='bbox 319 1551 391 1595; x_wconf 88' lang='lat' dir='ltr'>sed</span> <span class='ocrx_word' id='word_1_164' title='bbox 412 1551 530 1614; x_wconf 90' lang='lat' dir='ltr'>quod</span> <span class='ocrx_word' id='word_1_165' title='bbox 545 1552 780 1598; x_wconf 87' lang='lat' dir='ltr'>habitatin</span> <span class='ocrx_word' id='word_1_166' title='bbox 798 1569 865 1597; x_wconf 90' lang='lat' dir='ltr'>me</span> <span class='ocrx_word' id='word_1_167' title='bbox 879 1563 1110 1615; x_wconf 86' lang='lat' dir='ltr'>peccatum</span> <span class='ocrx_word' id='word_1_168' title='bbox 1132 1574 1152 1595; x_wconf 67' lang='lat'>³&gt;</span> <span class='ocrx_word' id='word_1_169' title='bbox 1172 1553 1457 1610; x_wconf 84' lang='lat' dir='ltr'>Quantalibet</span> 
     </span>
     <span class='ocr_line' id='line_1_21' title="bbox 82 1621 1455 1685; baseline 0.003 -19"><span class='ocrx_word' id='word_1_170' title='bbox 82 1621 228 1666; x_wconf 87' lang='lat' dir='ltr'>feraris</span> <span class='ocrx_word' id='word_1_171' title='bbox 252 1621 383 1665; x_wconf 89' lang='lat' dir='ltr'>animi</span> <span class='ocrx_word' id='word_1_172' title='bbox 404 1622 711 1677; x_wconf 79' lang='lat' dir='ltr'>obstinatione,</span> <span class='ocrx_word' id='word_1_173' title='bbox 734 1622 930 1677; x_wconf 84' lang='lat' dir='ltr'>Juliane,</span> <span class='ocrx_word' id='word_1_174' title='bbox 958 1623 1229 1685; x_wconf 85' lang='lat' dir='ltr'>quantalibet</span> <span class='ocrx_word' id='word_1_175' title='bbox 1252 1625 1455 1670; x_wconf 82' lang='lat' dir='ltr'>adversus</span> 
     </span>
     <span class='ocr_line' id='line_1_22' title="bbox 85 1690 1456 1757; baseline 0.003 -22"><span class='ocrx_word' id='word_1_176' title='bbox 85 1708 160 1735; x_wconf 88' lang='lat' dir='ltr'>nos</span> <span class='ocrx_word' id='word_1_177' title='bbox 175 1690 420 1753; x_wconf 83' lang='lat' dir='ltr'>pervicacia</span> <span class='ocrx_word' id='word_1_178' title='bbox 444 1709 524 1754; x_wconf 88' lang='lat' dir='ltr'>pro</span> <span class='ocrx_word' id='word_1_179' title='bbox 552 1692 784 1752; x_wconf 84' lang='lat' dir='ltr'>Pelagiano</span> <span class='ocrx_word' id='word_1_180' title='bbox 805 1709 948 1738; x_wconf 83' lang='lat' dir='ltr'>errore</span> <span class='ocrx_word' id='word_1_181' title='bbox 979 1695 1210 1747; x_wconf 77' lang='lat' dir='ltr'>consista53</span> <span class='ocrx_word' id='word_1_182' title='bbox 1239 1705 1358 1739; x_wconf 85' lang='lat' dir='ltr'>tanta</span> <span class='ocrx_word' id='word_1_183' title='bbox 1379 1712 1456 1757; x_wconf 85' lang='lat' dir='ltr'>per</span> 
     </span>
     <span class='ocr_line' id='line_1_23' title="bbox 85 1761 1459 1819; baseline 0.004 -14"><span class='ocrx_word' id='word_1_184' title='bbox 85 1761 262 1806; x_wconf 83' lang='lat' dir='ltr'>beatum</span> <span class='ocrx_word' id='word_1_185' title='bbox 283 1761 560 1807; x_wconf 89' lang='lat' dir='ltr'>Ambrosium</span> <span class='ocrx_word' id='word_1_186' title='bbox 575 1762 914 1808; x_wconf 81' lang='lat' dir='ltr'>circumvallaris</span> <span class='ocrx_word' id='word_1_187' title='bbox 928 1780 1072 1808; x_wconf 86' lang='lat' dir='ltr'>rerum</span> <span class='ocrx_word' id='word_1_188' title='bbox 1087 1764 1319 1819; x_wconf 82' lang='lat' dir='ltr'>evidentia,</span> <span class='ocrx_word' id='word_1_189' title='bbox 1338 1774 1459 1810; x_wconf 88' lang='lat' dir='ltr'>tanta</span> 
     </span>
     <span class='ocr_line' id='line_1_24' title="bbox 86 1830 1456 1897; baseline 0.004 -23"><span class='ocrx_word' id='word_1_190' title='bbox 86 1830 320 1875; x_wconf 86' lang='lat' dir='ltr'>verborum</span> <span class='ocrx_word' id='word_1_191' title='bbox 339 1834 431 1890; x_wconf 89' lang='lat' dir='ltr'>ejus</span> <span class='ocrx_word' id='word_1_192' title='bbox 461 1831 803 1877; x_wconf 85' lang='lat' dir='ltr'>manifestatione</span> <span class='ocrx_word' id='word_1_193' title='bbox 839 1833 1135 1888; x_wconf 87' lang='lat' dir='ltr'>contunderis,</span> <span class='ocrx_word' id='word_1_194' title='bbox 1169 1845 1217 1879; x_wconf 90' lang='lat' dir='ltr'>ut</span> <span class='ocrx_word' id='word_1_195' title='bbox 1241 1834 1456 1897; x_wconf 85' lang='lat' dir='ltr'>profectO,</span> 
     </span>
     <span class='ocr_line' id='line_1_25' title="bbox 87 1899 1458 1966; baseline 0.004 -23"><span class='ocrx_word' id='word_1_196' title='bbox 87 1899 121 1944; x_wconf 88' lang='lat' dir='ltr'>si</span> <span class='ocrx_word' id='word_1_197' title='bbox 140 1899 258 1944; x_wconf 89' lang='lat' dir='ltr'>uulla</span> <span class='ocrx_word' id='word_1_198' title='bbox 272 1910 312 1944; x_wconf 88' lang='lat' dir='ltr'>te</span> <span class='ocrx_word' id='word_1_199' title='bbox 324 1901 453 1956; x_wconf 86' lang='lat' dir='ltr'>ratio,</span> <span class='ocrx_word' id='word_1_200' title='bbox 471 1901 694 1960; x_wconf 79' lang='lat' dir='ltr'>cogitatio,</span> <span class='ocrx_word' id='word_1_201' title='bbox 712 1902 999 1948; x_wconf 86' lang='lat' dir='ltr'>consideratio</span> <span class='ocrx_word' id='word_1_202' title='bbox 1012 1903 1247 1963; x_wconf 79' lang='lat' dir='ltr'>religionis,</span> <span class='ocrx_word' id='word_1_203' title='bbox 1269 1904 1458 1966; x_wconf 84' lang='lat' dir='ltr'>pietatis,</span> 
     </span>
     <span class='ocr_line' id='line_1_26' title="bbox 87 1969 1462 2037; baseline 0.005 -24"><span class='ocrx_word' id='word_1_204' title='bbox 87 1969 387 2026; x_wconf 80' lang='lat' dir='ltr'>humanitatis,</span> <span class='ocrx_word' id='word_1_205' title='bbox 409 1981 538 2034; x_wconf 86' lang='lat' dir='ltr'>atque</span> <span class='ocrx_word' id='word_1_206' title='bbox 564 1972 610 2017; x_wconf 90' lang='lat' dir='ltr'>in</span> <span class='ocrx_word' id='word_1_207' title='bbox 628 1983 668 2017; x_wconf 91' lang='lat' dir='ltr'>te</span> <span class='ocrx_word' id='word_1_208' title='bbox 692 1973 787 2036; x_wconf 85' lang='lat' dir='ltr'>ipso</span> <span class='ocrx_word' id='word_1_209' title='bbox 810 1973 1086 2019; x_wconf 65' lang='lat' dir='ltr'>advertendae</span> <span class='ocrx_word' id='word_1_210' title='bbox 1107 1974 1296 2019; x_wconf 81' lang='lat' dir='ltr'>veritatis</span> <span class='ocrx_word' id='word_1_211' title='bbox 1317 1992 1338 2020; x_wconf 87' lang='lat' dir='ltr'>a</span> <span class='ocrx_word' id='word_1_212' title='bbox 1358 1992 1462 2037; x_wconf 89' lang='lat' dir='ltr'>per-</span> 
     </span>
     <span class='ocr_line' id='line_1_27' title="bbox 89 2040 1467 2106; baseline -0.001 -16"><span class='ocrx_word' id='word_1_213' title='bbox 89 2043 221 2090; x_wconf 84' lang='lat' dir='ltr'>tinaci</span> <span class='ocrx_word' id='word_1_214' title='bbox 246 2040 483 2086; x_wconf 83' lang='lat' dir='ltr'>intentione</span> <span class='ocrx_word' id='word_1_215' title='bbox 507 2043 790 2098; x_wconf 77' lang='lat' dir='ltr'>revocaverit,</span> <span class='ocrx_word' id='word_1_216' title='bbox 822 2043 1020 2088; x_wconf 86' lang='lat' dir='ltr'>ostendas</span> <span class='ocrx_word' id='word_1_217' title='bbox 1036 2045 1313 2106; x_wconf 88' lang='lat' dir='ltr'>quantumin</span> <span class='ocrx_word' id='word_1_218' title='bbox 1342 2043 1467 2090; x_wconf 58' lang='lat' dir='ltr'>malis</span> 
     </span>
     <span class='ocr_line' id='line_1_28' title="bbox 89 2110 1464 2176; baseline -0.001 -16"><span class='ocrx_word' id='word_1_219' title='bbox 89 2112 291 2160; x_wconf 86' lang='lat' dir='ltr'>humanis</span> <span class='ocrx_word' id='word_1_220' title='bbox 327 2110 468 2156; x_wconf 84' lang='lat' dir='ltr'>valeat</span> <span class='ocrx_word' id='word_1_221' title='bbox 485 2148 495 2163; x_wconf 76' lang='grc'><em>,</em></span> <span class='ocrx_word' id='word_1_222' title='bbox 522 2128 571 2156; x_wconf 88' lang='lat' dir='ltr'>eo</span> <span class='ocrx_word' id='word_1_223' title='bbox 596 2128 859 2176; x_wconf 74' lang='lat' dir='ltr'>quemquam</span> <span class='ocrx_word' id='word_1_224' title='bbox 900 2112 1028 2158; x_wconf 84' lang='lat' dir='ltr'>fuisse</span> <span class='ocrx_word' id='word_1_225' title='bbox 1069 2130 1360 2175; x_wconf 85' lang='lat' dir='ltr'>progressum,</span> <span class='ocrx_word' id='word_1_226' title='bbox 1384 2113 1464 2158; x_wconf 85' lang='lat' dir='ltr'>ubi</span> 
     </span>
     <span class='ocr_line' id='line_1_29' title="bbox 89 2181 1464 2245; baseline -0.003 -14"><span class='ocrx_word' id='word_1_227' title='bbox 89 2200 261 2231; x_wconf 86' lang='lat' dir='ltr'>manere</span> <span class='ocrx_word' id='word_1_228' title='bbox 287 2199 375 2227; x_wconf 90' lang='lat' dir='ltr'>non</span> <span class='ocrx_word' id='word_1_229' title='bbox 405 2181 557 2237; x_wconf 85' lang='lat' dir='ltr'>libeat,</span> <span class='ocrx_word' id='word_1_230' title='bbox 595 2182 711 2227; x_wconf 90' lang='lat' dir='ltr'>unde</span> <span class='ocrx_word' id='word_1_231' title='bbox 746 2183 885 2228; x_wconf 87' lang='lat' dir='ltr'>redire</span> <span class='ocrx_word' id='word_1_232' title='bbox 907 2186 997 2241; x_wconf 86' lang='lat' dir='ltr'>jam</span> <span class='ocrx_word' id='word_1_233' title='bbox 1030 2183 1209 2245; x_wconf 87' lang='lat' dir='ltr'>pudeat.</span> <span class='ocrx_word' id='word_1_234' title='bbox 1249 2183 1320 2228; x_wconf 87' lang='lat' dir='ltr'>Sic</span> <span class='ocrx_word' id='word_1_235' title='bbox 1349 2182 1464 2228; x_wconf 88' lang='lat' dir='ltr'>enim</span> 
     </span>
     <span class='ocr_line' id='line_1_30' title="bbox 91 2251 1463 2315; baseline -0.003 -14"><span class='ocrx_word' id='word_1_236' title='bbox 91 2254 219 2301; x_wconf 90' lang='lat' dir='ltr'>credo</span> <span class='ocrx_word' id='word_1_237' title='bbox 241 2264 281 2299; x_wconf 87' lang='lat' dir='ltr'>te</span> <span class='ocrx_word' id='word_1_238' title='bbox 300 2252 428 2308; x_wconf 85' lang='lat' dir='ltr'>affici,</span> <span class='ocrx_word' id='word_1_239' title='bbox 450 2269 551 2298; x_wconf 91' lang='lat' dir='ltr'>cum</span> <span class='ocrx_word' id='word_1_240' title='bbox 570 2252 650 2297; x_wconf 90' lang='lat' dir='ltr'>ista</span> <span class='ocrx_word' id='word_1_241' title='bbox 668 2252 830 2312; x_wconf 81' lang='lat' dir='ltr'>legeris.</span> <span class='ocrx_word' id='word_1_242' title='bbox 853 2252 937 2297; x_wconf 85' lang='lat' dir='ltr'>Sed</span> <span class='ocrx_word' id='word_1_243' title='bbox 958 2269 983 2297; x_wconf 93' lang='lat' dir='ltr'>o</span> <span class='ocrx_word' id='word_1_244' title='bbox 1003 2252 1036 2297; x_wconf 87' lang='lat' dir='ltr'>si</span> <span class='ocrx_word' id='word_1_245' title='bbox 1049 2269 1132 2315; x_wconf 81' lang='lat' dir='ltr'>pax</span> <span class='ocrx_word' id='word_1_246' title='bbox 1147 2252 1312 2298; x_wconf 87' lang='lat' dir='ltr'>Christi</span> <span class='ocrx_word' id='word_1_247' title='bbox 1325 2251 1368 2297; x_wconf 90' lang='lat' dir='ltr'>in</span> <span class='ocrx_word' id='word_1_248' title='bbox 1387 2262 1463 2297; x_wconf 89' lang='lat' dir='ltr'>tuo</span> 
     </span>
     <span class='ocr_line' id='line_1_31' title="bbox 92 2321 1464 2385; baseline -0.003 -14"><span class='ocrx_word' id='word_1_249' title='bbox 92 2324 222 2371; x_wconf 91' lang='lat' dir='ltr'>corde</span> <span class='ocrx_word' id='word_1_250' title='bbox 258 2323 428 2379; x_wconf 84' lang='lat' dir='ltr'>vincat,</span> <span class='ocrx_word' id='word_1_251' title='bbox 466 2332 508 2367; x_wconf 86' lang='lat' dir='ltr'>et</span> <span class='ocrx_word' id='word_1_252' title='bbox 545 2322 662 2368; x_wconf 84' lang='lat' dir='ltr'>bona</span> <span class='ocrx_word' id='word_1_253' title='bbox 688 2322 948 2385; x_wconf 87' lang='lat' dir='ltr'>poenitentia</span> <span class='ocrx_word' id='word_1_254' title='bbox 983 2321 1036 2367; x_wconf 90' lang='lat' dir='ltr'>de</span> <span class='ocrx_word' id='word_1_255' title='bbox 1071 2321 1186 2367; x_wconf 87' lang='lat' dir='ltr'>mala</span> <span class='ocrx_word' id='word_1_256' title='bbox 1202 2321 1464 2368; x_wconf 87' lang='lat' dir='ltr'>verecundia</span> 
     </span>
     <span class='ocr_line' id='line_1_32' title="bbox 92 2392 420 2464; baseline -0.006 -23"><span class='ocrx_word' id='word_1_257' title='bbox 92 2395 282 2464; x_wconf 86' lang='lat' dir='ltr'>palmam</span> <span class='ocrx_word' id='word_1_258' title='bbox 300 2392 420 2439; x_wconf 89' lang='lat' dir='ltr'>ferat.</span> 
     </span>
    </p>

    <p class='ocr_par' dir='ltr' id='par_1_4' title="bbox 92 2460 1466 2600">
     <span class='ocr_line' id='line_1_33' title="bbox 157 2460 1466 2527; baseline -0.002 -17"><span class='ocrx_word' id='word_1_259' title='bbox 157 2464 251 2511; x_wconf 81' lang='lat' dir='ltr'>XV.</span> <span class='ocrx_word' id='word_1_260' title='bbox 273 2462 356 2509; x_wconf 88' lang='lat' dir='ltr'>Sed</span> <span class='ocrx_word' id='word_1_261' title='bbox 374 2467 465 2523; x_wconf 86' lang='lat' dir='ltr'>jam</span> <span class='ocrx_word' id='word_1_262' title='bbox 486 2479 605 2510; x_wconf 91' lang='lat' dir='ltr'>nunc</span> <span class='ocrx_word' id='word_1_263' title='bbox 626 2480 867 2527; x_wconf 84' lang='lat' dir='ltr'>parumper</span> <span class='ocrx_word' id='word_1_264' title='bbox 890 2460 1060 2508; x_wconf 88' lang='lat' dir='ltr'>attende</span> <span class='ocrx_word' id='word_1_265' title='bbox 1078 2461 1301 2527; x_wconf 87' lang='lat' dir='ltr'>quomodo</span> <span class='ocrx_word' id='word_1_266' title='bbox 1320 2479 1366 2507; x_wconf 83' lang='lat' dir='ltr'>ex</span> <span class='ocrx_word' id='word_1_267' title='bbox 1385 2460 1466 2515; x_wconf 79' lang='lat' dir='ltr'>ista</span> 
     </span>
     <span class='ocr_line' id='line_1_34' title="bbox 92 2531 1464 2600; baseline -0.002 -19"><span class='ocrx_word' id='word_1_268' title='bbox 92 2535 182 2597; x_wconf 82' lang='lat' dir='ltr'>lege</span> <span class='ocrx_word' id='word_1_269' title='bbox 200 2533 386 2600; x_wconf 84' lang='lat' dir='ltr'>peccati,</span> <span class='ocrx_word' id='word_1_270' title='bbox 407 2536 533 2594; x_wconf 89' lang='lat' dir='ltr'>cujus</span> <span class='ocrx_word' id='word_1_271' title='bbox 551 2543 720 2580; x_wconf 87' lang='lat' dir='ltr'>motum</span> <span class='ocrx_word' id='word_1_272' title='bbox 741 2533 980 2581; x_wconf 86' lang='lat' dir='ltr'>mortalitas</span> <span class='ocrx_word' id='word_1_273' title='bbox 999 2532 1129 2579; x_wconf 87' lang='lat' dir='ltr'>etiam</span> <span class='ocrx_word' id='word_1_274' title='bbox 1148 2531 1464 2596; x_wconf 63' lang='lat' dir='ltr'>continentium,</span> 
     </span>
    </p>

    <p class='ocr_par' dir='ltr' id='par_1_5' title="bbox 144 2614 704 2663">
     <span class='ocr_line' id='line_1_35' title="bbox 144 2614 704 2663; baseline 0 -16"><span class='ocrx_word' id='word_1_275' title='bbox 144 2617 155 2643; x_wconf 76' lang='lat'>1</span> <span class='ocrx_word' id='word_1_276' title='bbox 177 2619 272 2663; x_wconf 66' lang='lat' dir='ltr'>Rom,</span> <span class='ocrx_word' id='word_1_277' title='bbox 292 2626 351 2658; x_wconf 82' lang='lat' dir='ltr'>vu,</span> <span class='ocrx_word' id='word_1_278' title='bbox 372 2616 427 2650; x_wconf 55' lang='grc' dir='ltr'>ΒΞ.</span> <span class='ocrx_word' id='word_1_279' title='bbox 443 2632 489 2641; x_wconf 81' lang='lat'><strong>-==·</strong></span> <span class='ocrx_word' id='word_1_280' title='bbox 509 2614 627 2651; x_wconf 80' lang='lat' dir='ltr'>21bid.</span> <span class='ocrx_word' id='word_1_281' title='bbox 651 2617 704 2655; x_wconf 52' lang='lat'>18,</span> 
     </span>
    </p>
   </div>
  </div>
 </body>
</html>
