1843 3190
27 376 50 395 θ

282 307 457 339 CONTRA
491 292 718 341 JUL‘IANUM
754 306 1060 349 PELAcrANUM,
1099 309 1187 340 Lm.
1229 310 1271 340 v.
1369 294 1463 358 347

87 372 232 419 sinon
253 373 374 430 facis,
400 391 454 421 ne
481 375 564 420 tibi
583 392 758 438 quoque
784 375 869 438 ipsi
902 373 1152 420 manifestus
1169 373 1344 420 insanus
1380 393 1463 438 ap-

88 460 265 506 pareas:
291 455 432 507 potest
454 445 586 504 igitur
605 445 862 508 nuptiarum
884 445 1050 490 bonum
1075 461 1164 490 non
1187 443 1350 490 habere
1370 444 1465 490 lau-

89 512 188 558 dem
227 529 511 560 communem
538 531 638 560 cum
675 515 877 570 libidine,
905 514 994 559 sine
1011 530 1096 576 qua
1128 530 1214 560 esse
1237 530 1354 560 nunc
1376 530 1468 560 non

88 593 259 646 potest;
288 584 400 630 sicut
426 585 656 648 quodlibet
687 586 850 631 malum
882 594 1024 648 potest
1048 601 1137 629 non
1158 584 1321 630 habere
1343 601 1469 630 com-

89 669 267 699 munem
283 654 646 718 vituperationem
663 673 764 702 cum
777 673 906 719 opere
928 655 1025 710 Dei,
1047 654 1136 699 sine
1150 671 1237 716 quo
1254 671 1339 699 esse
1356 670 1467 700 nun-

90 740 220 787 quam
240 736 396 788 potest.
430 727 554 773 Sicut
574 738 715 774 autem
732 727 813 774 ista
831 727 1025 772 definitio
1050 736 1124 771 tua
1144 724 1249 770 falsa
1263 735 1305 770 et
1327 724 1466 771 inanis

90 803 170 847 est,
189 793 249 839 ita
260 796 405 841 omnia¹
420 813 522 859 quae
549 814 596 842 ex
619 798 694 844 illa
713 808 923 860 tanquam
941 795 1247 858 consequentia
1265 795 1462 841 nexuisti.

156 866 341 913 XXXII.
366 886 386 907 α
401 867 615 914 Invictam
633 885 732 914 sane
750 884 974 930 nunquam
994 882 1071 925 ego
1089 865 1360 928 voluptatem
1372 880 1466 910 car-

91 936 174 991 nis,
198 935 452 982 sicutsolere
467 955 534 983 me
558 938 798 993 insimulas,
816 937 918 985 dixi.
940 957 960 979 ›>
979 936 1123 982 Ambo
1142 952 1236 981 eam
1260 945 1301 981 et
1315 934 1472 981 debere

91 1017 134 1052 et
155 1023 279 1069 posse
297 1007 483 1053 dicimus
498 1008 631 1065 vinci,
647 1008 720 1056 sed
732 1019 779 1054 tu
792 1019 998 1071 tanquam
1019 1007 1187 1052 bonum
1203 1015 1471 1068 repugnante

93 1077 178 1124 alio
200 1077 335 1130 bono,
360 1093 440 1137 ego
465 1089 671 1143 tanquam
695 1079 859 1125 malum
895 1086 1163 1141 repugnante
1182 1076 1332 1129 bono;
1359 1086 1400 1121 et
1425 1085 1473 1121 tu

94 1147 265 1194 viribus
289 1149 496 1211 propriis,
527 1167 604 1209 ego
626 1150 761 1209 gratia
800 1148 1052 1203 Salvatoris,
1085 1157 1134 1192 ut
1171 1163 1260 1192 non
1297 1144 1380 1191 alia
1398 1162 1472 1191 re·-

94 1218 237 1280 proba
271 1218 529 1281 cupiditate,
553 1219 626 1264 sed
661 1219 736 1265 Dei
760 1218 974 1264 charitate
1016 1216 1237 1271 vincatur,
1266 1231 1367 1278 quae
1385 1231 1474 1261 non

94 1288 261 1334 viribus
283 1289 438 1334 nostris
462 1288 726 1335 diffunditur
748 1289 794 1335 in
827 1287 1035 1334 cordibus
1072 1285 1251 1341 nostris,
1287 1284 1361 1331 sed
1394 1301 1473 1348 per

97 1358 312 1422 Spiritum
332 1370 528 1406 sanctum
547 1360 623 1423 qui
647 1359 774 1405 datus
791 1369 853 1405 est
870 1359 995 1405 nobis
1017 1356 1050 1404 ¹.

161 1429 353 1484 XXXII]
366 1466 375 1475 .
399 1451 420 1470 <c
437 1433 503 1475 De
522 1429 775 1476 confusione
792 1439 933 1474 autem
951 1427 1128 1473 illorum
1146 1425 1375 1477 hominum
1389 1441 1473 1487 pu-

98 1498 337 1561 dendisque
358 1500 574 1562 coopertis
597 1498 758 1546 frustra
774 1509 813 1544 te
827 1513 1138 1545 commemoras
1159 1495 1322 1558 aliquid
1338 1496 1480 1557 Apos-.

99 1568 188 1614 tolo
229 1579 455 1615 attestante
492 1580 764 1616 monstrasse.
792 1591 811 1610 »
856 1570 924 1614 Tu
969 1567 1084 1613 enim
1125 1587 1145 1607 «
1165 1564 1477 1611 verecundiora

99 1639 209 1688 dicis
228 1676 238 1693 ‚
285 1656 387 1701 quae
432 1640 504 1686 ille
544 1640 652 1685 dicit
690 1640 920 1685 inhonesta
946 1657 956 1691 ;
996 1636 1111 1685 unde
1140 1638 1232 1694 jam
1264 1645 1479 1698 quantum

100 1709 201 1763 satis
236 1709 377 1755 visum
410 1720 487 1764 est,
522 1708 856 1771 disputavimus
889 1708 957 1753 Tu
980 1707 1127 1769 itaque
1147 1705 1303 1751 frustra
1325 1703 1484 1762 refugis

101 1795 248 1832 rursus
273 1778 328 1826 ad
347 1780 554 1834 Balbum,
583 1790 711 1842 atque
733 1778 1102 1842 philosophorum
1137 1775 1302 1820 litteras
1330 1772 1486 1837 zquasi

101 1849 268 1898 Balbus
288 1860 328 1895 te
340 1849 471 1896 faciat
491 1850 758 1913 loquentem,
781 1848 959 1912 quando
974 1847 1028 1894 de
1043 1847 1115 1893 illa
1127 1845 1378 1892 confusione
1397 1843 1486 1906 pri-

104 1937 274 1965 morum
294 1920 523 1965 bominum
551 1937 638 1965 non
658 1931 780 1983 potes
804 1919 996 1964 invenire
1017 1917 1126 1981 quid
1153 1916 1285 1963 dicas.
1329 1914 1374 1960 Si
1400 1930 1481 1959 au-

104 2002 191 2039 tem
216 1993 261 2036 in
286 1991 550 2054 quibusdam
571 1992 678 2037 veris
703 1990 922 2035 sententiis
947 1989 1096 2034 saltem
1116 1984 1487 2050 philosophorum

104 2061 258 2117 litteris
276 2061 463 2117 cederes,
494 2078 582 2107 non
615 2060 748 2106 surdo
777 2060 908 2106 corde
929 2057 1040 2104 illud
1063 2057 1251 2111 audires,
1275 2053 1395 2118 quod
1417 2070 1491 2099 vo-

105 2132 295 2194 luptates
311 2131 541 2179 illecebras
560 2141 689 2194 atque
713 2148 829 2176 escas
850 2129 1081 2184 malorum,
1107 2137 1148 2172 et
1165 2126 1365 2173 vitiosam
1386 2140 1494 2186 par-

108 2213 194 2247 tem
218 2202 351 2248 animi
365 2201 568 2247 dixerunt
583 2218 688 2247 essse
712 2200 942 2246 libidinem
962 2201 995 2246 2.
1018 2199 1132 2244 Yam
1152 2195 1270 2260 quod
1287 2195 1332 2241 in
1347 2204 1493 2241 nostro

108 2289 292 2336 corpore
317 2272 412 2320 loca
435 2271 685 2332 digestionis
708 2270 873 2316 Balbus
894 2280 1059 2316 remota
1083 2267 1190 2314 dixit
1215 2284 1238 2312 a
1270 2264 1491 2319 sensibus,

109 2343 206 2390 ideo
232 2359 384 2391 verum
413 2353 501 2398 est,
522 2342 731 2406 quoniam
762 2357 908 2386 sensus
940 2349 1108 2385 nostros
1130 2355 1179 2385 ea
1213 2352 1313 2400 quae
1337 2333 1499 2394 digeri-

111 2431 207 2464 mus
240 2430 328 2458 non
352 2412 549 2461 alliciunt
567 2449 577 2467 ‚
599 2411 673 2458 sed
714 2411 941 2457 offendunt
978 2428 988 2454 :
1016 2419 1246 2474 propterea
1289 2422 1390 2469 pars
1412 2421 1500 2468 qua

112 2494 362 2544 egeruntur,
409 2482 664 2532 naturaliter
699 2481 792 2529 aliis
824 2480 1027 2545 partibus¹
1053 2479 1305 2527 altrinsecus
1329 2474 1499 2539 promi-

110 2555 315 2610 nentibus
335 2554 599 2609 occultatur,
622 2553 734 2600 sicut
751 2552 880 2607 etiam
906 2562 1013 2606 tunc
1037 2560 1158 2600 erant
1181 2545 1360 2613 quando
1384 2542 1494 2595 nudi

163 2636 175 2658 ¹
194 2639 288 2669 Rom,
310 2646 342 2676 v,
362 2637 393 2669 5.
410 2655 454 2666 —
469 2635 484 2658 2
503 2633 593 2668 Plato
611 2635 696 2685 apud
715 2635 782 2670 Cic.
797 2634 832 2676 in
848 2634 1039 2671 Hortensio.
