1843 3190
380 271 441 316 60
791 284 825 314 s.
867 281 1113 313 Aueusrim
1147 280 1354 312 Erlscorl

380 360 579 413 ceptum,
628 359 670 395 et
713 347 988 411 simplicibus
1031 346 1246 410 episcopis
1291 345 1380 390 sine
1422 344 1755 405 congregatione

380 420 535 483 synodi
553 420 597 465 in
615 420 722 466 locis
743 419 830 465 suis
847 418 1096 464 sedentibus
1114 417 1168 462 ad
1186 418 1271 462 hoc
1289 416 1636 462 confirmandum
1655 416 1756 461 sub-

381 491 661 554 scriptionem
699 501 947 554 queruntur
980 499 1211 545 extortam;
1235 509 1254 529 >2
1293 504 1394 532 cum
1427 486 1573 550 potius
1604 503 1754 532 eorum
1802 551 1804 556 .

379 561 584 623 profanas
607 577 765 606 vocum
786 560 997 605 novitates
1018 558 1210 603 Ecclesia
1232 557 1397 602 Christi
1416 567 1459 602 et
1477 556 1756 602 occidentalis

382 641 424 675 et
449 629 667 676 orientalis
690 630 912 676 horruerit
935 648 946 675 :
971 629 1026 674 ad
1052 645 1202 674 curam
1227 638 1418 674 nostram
1441 627 1634 672 existimo
1652 644 1758 690 per-
1802 630 1805 640 '

380 700 515 745 tinere
528 737 539 755 ‚
557 716 646 745 non
667 700 806 746 solum
825 701 1073 763 Scripturas
1091 709 1260 744 sanctas
1278 696 1535 743 canonicas1
1558 696 1759 743 adversus
1803 694 1805 705 '

355 801 368 809 ·
382 788 452 816 eos
477 781 601 816 testes
622 771 831 817 adhibere
846 809 856 828 ‚
881 770 1000 835 quod
1013 775 1105 830 jam
1125 770 1225 815 satis
1245 770 1426 815 fecimus
1445 789 1456 823 3
1476 768 1760 814 verumetiam

381 840 435 886 de
462 851 710 887 sanctorum
734 841 910 897 litteris,
936 841 1012 904 qui
1037 857 1105 885 eas
1131 850 1228 884 ante
1247 856 1326 884 nos
1346 838 1459 884 fama
1478 837 1760 884 celeberrima

381 920 423 955 et
460 910 623 969 ingenti
656 911 794 971 gloria
829 919 1155 966 tractaverunt,
1187 909 1329 972 aliqua
1364 908 1626 953 documenta
1660 925 1761 971 pro-

380 980 490 1026 ferre
514 998 523 1025 :
552 998 639 1026 non
656 998 744 1044 quo
766 981 987 1026 canonicis
1009 980 1134 1025 libris
1155 998 1178 1025 a
1204 979 1333 1025 nobis
1358 979 1488 1025 ullius
1512 979 1762 1042 disputato-

380 1051 438 1096 ris
462 1062 660 1114 aequetur
691 1051 951 1107 auctoritas,
986 1061 1193 1113 tanquam
1230 1050 1408 1095 omnino
1439 1067 1527 1095 non
1555 1049 1609 1094 sit
1643 1048 1762 1113 quod
1784 1048 1807 1058 ”

380 1120 534 1166 melius
559 1138 630 1166 seu
649 1121 790 1167 verius
808 1121 862 1166 ab
883 1121 1029 1184 aliquo
1055 1120 1278 1165 catholico
1297 1157 1308 1175 ,
1336 1137 1469 1182 quarn
1496 1120 1552 1164 ab
1579 1119 1662 1165 alio
1685 1120 1763 1165 iti—
1806 1161 1809 1174 ,

382 1189 480 1235 dem
510 1190 729 1236 catholico
761 1191 996 1246 sentiatur3
1027 1189 1100 1235 sed
1127 1200 1175 1234 ut
1209 1189 1552 1243 admoneantur,
1576 1189 1653 1253 qui
1679 1205 1761 1251 pu-

380 1271 475 1306 tant
512 1262 614 1307 istos
649 1261 814 1325 aliquid
848 1262 991 1308 dicere
1013 1299 1023 1317 ,
1054 1260 1427 1324 quemadmodum
1455 1259 1508 1305 de
1530 1260 1600 1305 his
1633 1259 1762 1304 rebus

383 1342 480 1377 ante
500 1349 611 1378 nova
629 1331 813 1377 istorum
829 1332 1099 1395 vaniloquia,
1126 1330 1335 1376 catholici
1359 1330 1572 1375 antistites
1590 1329 1761 1392 eloquia

383 1401 531 1448 divina
555 1404 690 1449 secuti
718 1403 826 1456 sint3
852 1414 893 1448 et
918 1404 1056 1448 sciant
1079 1421 1101 1448 a
1126 1402 1254 1447 nobis
1278 1412 1438 1447 rectam
1466 1411 1506 1446 et
1525 1400 1762 1463 antiquitus
1813 1437 1816 1456 ι

380 1471 607 1518 fundatam
632 1473 896 1519 catholicam
936 1474 1066 1518 fidem
1093 1472 1297 1518 adversus
1334 1472 1605 1517 recedentem
1642 1470 1763 1516 Pela-

382 1541 611 1600 gianorum
652 1542 962 1589 haereticorum
1000 1542 1391 1607 praesumptionem
1434 1541 1760 1605 perniciemque

381 1611 569 1660 defendi.

445 1683 567 1729 XXI.
598 1684 900 1730 Beatissimum
917 1722 927 1740 ‚
955 1701 1115 1730 corona
1138 1684 1267 1729 etiam
1287 1683 1483 1746 martyrii
1506 1682 1762 1742 gloriosissi-

381 1769 502 1797 mum
547 1755 847 1817 Cyprkmum,
880 1773 959 1801 nec
998 1755 1212 1801 Africanis
1248 1765 1376 1818 atque
1416 1753 1761 1819 occidentalibus

381 1834 577 1880 tantum,
612 1842 762 1871 verum
799 1838 840 1871 et
878 1827 1162 1872 orientalibus
1189 1825 1414 1879 Ecclesiis⁷
1450 1824 1563 1870 fama
1594 1823 1758 1887 praedi-

380 1905 505 1939 cante
537 1906 578 1941 et
605 1896 767 1959 scripta
796 1900 886 1956 ejus
916 1896 1041 1956 longe
1080 1897 1250 1959 lateque
1286 1895 1555 1941 diffundente
1587 1895 1761 1939 notissi-

379 1981 526 2022 mum,
567 1966 695 2012 etiam
730 1967 821 2030 ipse
856 1968 1166 2012 haercsiarches
1205 1967 1385 2012 istorum
1423 1964 1622 2024 Pelagius
1660 1981 1760 2009 cum

381 2034 529 2081 debito
549 2048 664 2082 certe
682 2037 849 2083 honore
868 2049 1179 2084 commemorat
1200 2075 1210 2087 ,
1235 2037 1311 2082 ubi
1333 2036 1676 2081 testimoniorum
1701 2034 1760 2079 li-

378 2104 510 2151 brum
536 2108 755 2163 scribens,
786 2125 885 2154 eum
917 2126 959 2154 se
984 2110 1131 2154 asserit
1157 2107 1316 2152 imitari
1340 2124 1350 2151 :
1379 2128 1398 2147 «
1422 2107 1519 2152 Hoc
1545 2123 1586 2150 se
1613 2105 1760 2151 dicens

376 2174 517 2221 facere
542 2177 596 2222 ad
625 2178 877 2223 Romanum
898 2216 907 2233 ‚
937 2179 1055 2241 quod
1088 2178 1158 2224 ille
1182 2177 1341 2223 fecerat
1377 2176 1432 2222 ad
1464 2175 1714 2233 Quirinum.
1739 2195 1759 2216 »

379 2244 612 2292 Videamus
633 2265 733 2307 ergo
749 2249 856 2312 quid
875 2249 927 2294 de
945 2249 1143 2308 originali
1159 2259 1361 2312 peccato.
1384 2247 1503 2310 quod
1524 2264 1603 2309 per
1623 2262 1759 2290 unum

379 2315 602 2361 hominem
627 2318 804 2364 intravit
835 2321 878 2364 in
913 2320 1184 2371 mundum&
1215 2319 1388 2363 senserit
1416 2317 1678 2380 Cyprianus.
1708 2317 1759 2360 In

379 2386 560 2448 epistola
579 2387 631 2433 de
653 2389 796 2451 Opere
812 2401 852 2434 ct
873 2390 1159 2453 Eleemosynis
1181 2391 1235 2435 ita
1253 2389 1447 2451 loquitur
1467 2406 1478 2433 ι
1498 2410 1512 2427 «
1538 2389 1649 2433 Cum
1671 2387 1758 2431 Do·

379 2458 522 2502 minus
556 2458 784 2504 adveniens
827 2471 1013 2505 sanasset
1055 2461 1153 2515 illa,
1193 2477 1293 2524 quae
1333 2459 1471 2504 Adam
1510 2468 1764 2522 portaverat

376 2526 580 2585 vulnera,
616 2539 659 2574 et
692 2546 857 2576 venena
897 2531 1106 2594 serpentis
1153 2530 1334 2594 antiqua
1363 2540 1582 2587 curasset,
1619 2528 1755 2589 legem

425 2609 435 2632 ¹
456 2621 469 2641 1
485 2609 569 2643 Tim.
585 2619 629 2654 vi,
645 2623 700 2646 ao.
720 2631 761 2639 —
776 2612 792 2636 ²
807 2616 900 2647 Rom.
914 2624 944 2653 v,
965 2626 1016 2648 12.

1814 2737 1821 2860 —<.=a.-..-„
