1843 3190
382 258 468 288 112
806 256 843 288 S.
884 255 1129 288 AUGUSTINI
1164 257 1368 289 EPISCOPI

376 332 472 367 tum
488 320 660 385 paterni
678 319 965 384 chirographi
981 358 992 378 ,
1016 321 1136 385 quod
1166 320 1491 368 haereditarium
1526 320 1655 366 nobis
1678 320 1752 367 in-
1821 370 1827 386 ζ

375 391 527 449 haesit,
555 390 611 436 ab
638 390 697 436 eis
720 389 903 446 debitis,
931 408 1117 455 quorum
1145 410 1223 456 per
1243 403 1388 438 nostra
1410 402 1590 455 peccata
1605 390 1754 438 foenus
1821 393 1843 459 ’ἵ

377 462 592 508 accrevit?
620 458 755 507 Audis
772 460 880 523 quid
899 461 1094 524 parvulis
1113 463 1159 508 in
1178 463 1399 526 baptismo
1424 461 1652 517 relaxetur,
1677 461 1754 524 qui

375 531 573 578 nondum
602 530 783 595 propria
809 530 958 577 debita
980 543 1316 589 contraxerunt,
1347 549 1427 578 nec
1453 543 1596 577 tamen
1621 549 1645 576 a
1668 548 1754 594 pa-
1821 564 1833 585 x

376 612 498 648 terno
510 601 1029 664 chirographoimmunes
1042 620 1129 649 esse
1144 613 1384 667 potuerunt
1395 606 1413 649 Ρ
1424 602 1569 649 Verba
1586 601 1755 666 quippe
1822 591 1826 607 ¹

376 676 467 732 ers
485 689 575 718 non
590 672 873 734 interpretata
893 672 952 718 sic
975 672 1178 733 leguntur
1190 674 1238 720 in
1260 689 1403 734 graeco
1427 690 1438 717 τ
1458 667 1634 735 ᾗρχεται
1649 669 1756 723 ἅπαξ

378 748 398 787 ὁ
423 745 615 805 Χριστὸσ,
641 747 743 805 ἑυρεν
778 748 889 803 ’ἡμῶν
919 746 1172 807 χειρόγραφον
1206 754 1407 807 πατρῶον,
1439 748 1462 788 ὅ
1490 763 1528 788 τι
1546 746 1708 805 ἔγραφεν
1736 747 1756 786 ὁ

377 812 517 875 moin.
542 812 698 863 Ἐκεῖνος
727 817 797 862 τὴν
838 816 960 875 ἀρχὴν
1000 817 1213 878 εἰσ-ήγαγην
1252 824 1320 860 τοῦ
1343 816 1510 876 χρείοῧς,
1545 819 1658 874 ἡμεῖς
1689 814 1753 858 τὸν

379 883 590 945 δανεισμὸν
627 881 852 943 τ’,υξτῖσαμεν
888 892 974 936 ταῖς
1003 890 1350 948 μεταγενεστέραις
1386 886 1610 947 ἁμαρτίαις.
1644 882 1757 939 Quae

377 953 563 1000 verbum
585 969 607 997 e
629 951 763 998 verbo
788 952 1071 1016 interpretata
1095 954 1154 999 sic
1185 971 1227 999 se
1250 953 1417 999 habent
1444 971 1454 997 ε
1490 952 1656 998 «Venit
1687 968 1756 997 se-

378 1022 464 1069 mel
481 1022 682 1067 Christus
697 1058 709 1077 ,
729 1020 895 1067 invenit
914 1033 1111 1068 nostrum
1130 1023 1480 1086 chirographum
1505 1032 1752 1085 paternum,
1800 1064 1802 1069 ,
1835 1008 1839 1034 ²

378 1091 500 1157 quod
522 1092 694 1155 scripsit
711 1091 865 1138 Adam.
899 1092 978 1138 Ille
998 1093 1171 1139 initium
1188 1093 1356 1138 induxit
1380 1092 1548 1148 debiti,
1574 1108 1653 1136 nos
1668 1090 1757 1136 foe-
1801 1142 1804 1147 ¹
1830 1086 1832 1099 ¹

379 1180 460 1209 nus
477 1163 672 1209 auximus
688 1162 1005 1226 posterioribus
1018 1163 1224 1227 peccatis.
1247 1185 1267 1206 »
1285 1162 1511 1226 Numquid
1530 1171 1757 1208 contentus
1802 1157 1805 1187 t
1831 1161 1834 1172 ¹

378 1234 463 1281 fuit
489 1234 632 1280 dicere
647 1270 658 1290 ‚
685 1253 705 1274 «
726 1234 964 1279 Paternum
988 1234 1364 1297 chirographum;
1386 1254 1406 1275 »
1427 1232 1510 1278 nisi
1545 1230 1723 1278 adderet
1741 1267 1753 1287 ‚
1805 1255 1807 1298 ζ
1831 1234 1834 1243 ’

379 1325 402 1346 (ι
430 1306 671 1350 Nostrum?
693 1324 714 1344 »
734 1303 793 1348 Ut
812 1303 1017 1350 sciremus
1039 1315 1271 1367 antequam
1289 1303 1432 1349 foenus
1449 1302 1640 1366 peccatis
1657 1317 1756 1348 nos·
1827 1296 1835 1316 λ’

380 1376 457 1420 tris
480 1374 794 1438 posterioribus
813 1390 1062 1433 augeremus
1077 1412 1088 1432 ‚
1105 1379 1198 1434 jam
1222 1375 1338 1420 illius
1363 1371 1648 1435 chirographi
1673 1388 1758 1434 pa-
1808 1383 1809 1394 ³
1835 1367 1843 1389 '²

380 1445 491 1490 terni
510 1444 566 1490 ad
588 1461 666 1489 nos
688 1443 886 1489 debitum
907 1446 1137 1507 pertinere.

447 1514 632 1560 XXVII.
686 1515 798 1573 Lege
834 1514 965 1559 etiam
1005 1515 1379 1578 quemadmodum
1418 1523 1604 1576 exponat
1642 1511 1758 1558 idem

381 1585 473 1648 ipse
506 1584 575 1630 vir
608 1593 783 1628 sanctus
817 1584 1019 1630 eumdem
1054 1586 1199 1648 ipsum
1237 1584 1435 1648 Apostoli
1467 1584 1639 1639 locum,
1679 1582 1758 1627 ubi

382 1656 595 1718 scripturn
619 1664 681 1699 est
714 1670 725 1698 ε
763 1654 885 1699 «Per
918 1671 1054 1701 unum
1078 1657 1301 1702 hominem
1325 1665 1557 1719 peccatum
1579 1652 1760 1699 intravit

382 1747 404 1768 »
429 1725 475 1770 in
495 1722 755 1770 mundum&
780 1745 800 1765 »
824 1724 895 1770 Ibi
918 1726 1033 1771 enim
1049 1725 1147 1772 luce
1167 1726 1324 1772 clarius
1347 1726 1392 1772 in
1411 1725 1543 1784 hujus
1561 1723 1662 1768 fidei
1683 1739 1759 1768 ca-

382 1794 562 1840 tholicae
584 1793 762 1839 veritate
779 1805 986 1842 versatur.
1020 1795 1152 1851 Quod
1180 1806 1321 1841 totum
1356 1794 1461 1858 quia
1491 1794 1672 1852 longum
1697 1802 1759 1837 est

381 1864 490 1911 huic
525 1864 644 1927 operi
668 1863 852 1910 intexere
870 1901 881 1918 ‚
908 1882 1051 1929 pauca
1074 1866 1174 1911 inde
1200 1866 1465 1925 contingam.
1506 1885 1526 1906 «
1551 1861 1759 1909 Manifes-

382 1946 478 1980 tum
497 1972 508 1991 ‚
533 1935 720 1998 inquit2‚
740 1936 948 1998 quoniam
980 1953 1066 1981 non
1096 1937 1239 1999 ipsum
1269 1945 1499 1999 peccatum
1517 1971 1528 1990 ,
1557 1932 1677 1996 quod
1710 1948 1757 1977 ex

380 2005 485 2065 legis
501 2005 831 2064 transgressione
844 2043 854 2062 ,
879 2005 953 2051 sed
976 2006 1086 2052 illud
1104 2017 1335 2070 peccatum
1353 2004 1471 2068 quod
1495 2021 1543 2049 ex
1562 2002 1668 2048 Adae
1685 2002 1756 2047 in·

383 2074 652 2131 obedientia,
691 2075 778 2120 hoc
819 2087 911 2121 erat
950 2076 1070 2139 quod
1112 2077 1257 2122 omnia
1296 2072 1624 2121 contaminavit.
1652 2093 1673 2113 »
1704 2072 1760 2116 Et

382 2144 516 2208 paulo
532 2155 633 2209 post
654 2162 665 2189 ε
689 2145 941 2205 «Regnavit
955 2184 967 2203 ,
988 2146 1155 2210 inquit,
1176 2163 1292 2192 mors
1312 2145 1367 2190 ab
1390 2143 1530 2191 Adam
1549 2158 1685 2205 usque
1704 2140 1760 2187 ad

376 2217 575 2278 Moysen,
587 2226 630 2261 et
646 2216 692 2261 in
712 2232 782 2261 eos
797 2216 980 2279 quinon
996 2216 1324 2280 peccaverunt&
1345 2212 1579 2272 Quomodo
1599 2229 1752 2273 regua-

375 2287 470 2333 vit?
492 2288 546 2331 In
567 2285 849 2332 similitudine
885 2288 1230 2347 transgressionis
1257 2286 1390 2342 Adae,
1418 2285 1494 2348 qui
1518 2294 1580 2329 est
1617 2282 1758 2328 forma

370 2357 521 2404 futuri.
562 2358 799 2420 Propterea
817 2368 858 2402 et
889 2358 1028 2404 forma
1055 2369 1117 2404 est
1140 2358 1305 2404 Christi
1334 2356 1489 2403 Adam.
1518 2353 1755 2411 Quomodo

366 2426 507 2474 forma
527 2437 615 2484 est,
654 2427 810 2472 aiunt?
836 2427 1057 2483 Quoniam
1091 2428 1204 2474 sicut
1227 2427 1298 2473 ille
1319 2444 1367 2472 ex
1390 2424 1617 2487 semetipso
1650 2440 1754 2470 nas-

409 2529 422 2553 1
439 2532 538 2564 Rom.
560 2540 593 2569 v,
627 2539 683 2564 12.
701 2545 745 2554 -
761 2525 777 2550 2
793 2526 958 2571 Chrysost.
987 2526 1102 2561 homil.
1129 2539 1185 2563 10.
1205 2528 1241 2562 in
1257 2527 1352 2572 epist.
1380 2526 1421 2560 ad
1448 2529 1544 2560 Rom.v
1570 2544 1616 2553 -—-
1631 2522 1743 2558 3R0m

367 2597 401 2629 v,
433 2592 490 2624 14·
