1843 3190
398 264 409 277 ,
430 229 487 286 14
814 244 848 281 s.
893 242 1138 280 ausus-rim
1174 242 1379 273 Emscom

394 308 569 356 tionem.
598 330 619 352 >2
656 309 712 354 Et
742 320 842 372 post
872 309 1103 374 paululum
1138 308 1195 355 ait
1220 327 1230 354 ε
1259 330 1276 351 c·
1300 307 1451 354 Primo
1485 307 1598 354 enim
1624 307 1732 354 dixit
1752 345 1765 364 ,

391 379 598 445 quoniam
622 380 657 425 si
679 375 806 425 unius
825 391 1051 443 peccatum
1072 379 1288 425 interfecit
1310 396 1457 424 omnes
1475 416 1486 436 ,
1512 377 1650 424 multo
1671 395 1768 424 ma-

392 450 454 510 gis
473 461 514 496 et
533 450 660 495 unius
679 450 815 510 gratia
838 451 997 513 poterit
1017 450 1194 497 salvare.
1219 452 1323 495 Post
1346 449 1444 495 heee
1470 459 1613 494 autem
1632 458 1767 496 osten-

392 521 485 577 dit,
521 520 692 583 inquit‚
723 520 930 583 quoniam
966 538 1053 566 non
1087 519 1198 565 illud
1233 520 1371 565 solum
1408 518 1685 564 interfectum
1708 529 1769 564 est

391 601 618 655 peccatum
642 608 717 654 per
735 591 913 650 gratiam
935 628 945 647 ,
973 590 1045 636 sed
1074 590 1201 635 etiam
1224 590 1368 635 onmia
1393 589 1589 652 reliqua:
1614 599 1656 634 et
1679 605 1768 634 11011

391 661 530 708 solum
554 671 734 724 peccata
758 659 981 706 interfecta
1010 671 1136 716 sunt,
1164 660 1236 705 sed
1262 661 1386 706 etiam
1414 670 1455 704 et
1487 659 1651 704 tributa
1669 662 1766 718 J'us-
1828 667 1830 670 '

394 733 486 777 titia
512 742 586 777 est.
623 732 679 776 Et
702 748 789 776 nou
814 741 981 776 tantum
1016 730 1152 776 solum
1177 730 1345 793 profuit
1367 729 1593 784 Christus,
1620 745 1765 792 quan-

389 813 482 847 tum
506 801 651 847 nocuit
671 800 826 855 Adam,
846 800 917 844 sed
937 800 1074 844 multo
1092 800 1280 862 amplius
1298 811 1428 863 atque
1448 799 1597 859 magis.
1628 819 1642 838 »2
1664 800 1769 843 Post

386 872 485 917 haec
506 871 550 916 iu
574 871 722 916 eodem
740 886 838 915 cum
854 869 906 914 de
922 870 1144 932 baptismo
1172 881 1339 929 ageret,
1360 868 1620 931 interposuit
1635 868 1766 914 verba

389 940 585 1003 Apostoli
612 940 826 985 dicentis:
855 960 874 980 <‹
903 941 970 984 An
995 939 1228 999 ignoratis,
1258 940 1426 1004 inquit,
1455 939 1630 995 fratres,
1659 955 1767 1003 quo-

385 1012 500 1056 niam
522 1012 788 1074 quicumque
824 1010 868 1054 in
895 1010 1071 1055 Christo
1101 1010 1313 1073 baptizati
1339 1008 1532 1065 sumus1‚
1557 1009 1602 1054 in
1626 1018 1767 1054 morte
1822 1043 1824 1046 v

384 1081 520 1144 ipsius
554 1081 763 1144 baptizati
800 1083 974 1125 sumus?
1012 1080 1269 1143 Consepulti
1293 1097 1392 1141 ergo
1419 1096 1567 1125 sumus
1590 1078 1653 1123 illi
1688 1095 1766 1142 per

382 1151 651 1214 baptismum
677 1151 720 1196 in
744 1161 895 1196 morte.
929 1149 1047 1207 Quid
1075 1161 1162 1203 est,
1190 1150 1233 1196 in
1262 1161 1400 1196 morte
1422 1150 1537 1195 iilius
1555 1147 1766 1212 baptizati

381 1225 562 1268 sumus?
588 1224 644 1268 Ut
661 1233 702 1267 et
726 1222 807 1285 ipsi
837 1222 1076 1267 moriamur
1099 1223 1211 1268 sicut
1233 1233 1275 1268 et
1303 1222 1389 1269 ille.
1427 1222 1544 1266 Crux
1566 1220 1679 1265 enim
1701 1230 1764 1265 est

381 1291 615 1355 baptisma.
655 1291 788 1349 Quod
822 1309 922 1351 ergo
955 1309 1058 1338 crux
1092 1293 1266 1338 Christo
1298 1303 1339 1338 et
1374 1291 1647 1355 sepulcrum,
1676 1290 1766 1337 hoc.
1816 1346 1820 1356 ι

379 1363 507 1407 nobis
527 1363 745 1426 baptisma
772 1361 935 1408 factum
957 1374 1045 1417 est3
1068 1364 1235 1409 tametsi
1260 1381 1348 1409 non
1375 1363 1420 1409 in
1444 1362 1604 1408 eisdem
1635 1361 1756 1424 ipsiS.

380 1432 479 1495 Ipse
497 1450 684 1496 namque
704 1450 833 1478 carne
852 1444 893 1478 et
916 1443 1114 1478 mortuus
1130 1443 1191 1478 est
1208 1444 1250 1478 et
1266 1433 1460 1496 sepultus
1484 1451 1494 1478 ε
1519 1449 1596 1477 nos
1619 1441 1763 1483 autem

378 1513 562 1565 peccato
581 1504 625 1547 in
652 1513 853 1566 utroque.
883 1503 1166 1566 Quapropter
1191 1520 1280 1548 non
1314 1503 1451 1559 dixit,
1475 1501 1763 1565 complantati

379 1574 512 1618 morti
540 1591 549 1618 :
577 1573 673 1628 sed,
697 1573 971 1619 similitudini
1007 1575 1170 1620 mortis.
1197 1575 1314 1620 Mors
1340 1590 1528 1637 namque
1546 1583 1587 1618 et
1608 1572 1693 1618 hoc
1719 1582 1761 1617 et

377 1641 489 1688 illud
508 1680 519 1696 ‚
543 1642 615 1688 sed
634 1660 723 1688 nou
739 1643 876 1688 eidem
892 1643 975 1706 ipsi
992 1644 1188 1703 subjacet
1212 1662 1222 1688 ι
1251 1644 1323 1690 secl
1338 1644 1437 1690 haec
1458 1643 1636 1707 quidem
1661 1659 1761 1688 car-

376 1712 443 1757 nis
467 1713 657 1769 Christi,
683 1725 828 1760 nostra
858 1725 1004 1760 autem
1034 1714 1220 1778 peccati.
1253 1713 1637 1772 Quemadmodum
1660 1730 1761 1774 ergo

378 1781 450 1828 illa
469 1801 568 1829 vera
586 1822 596 1840 ,
616 1795 657 1829 et
672 1784 783 1829 haec.
802 1806 821 1826 n
1530 1842 1534 1844 -

443 1856 651 1902 XXVIII.
695 1855 920 1918 Numquid
964 1855 1167 1904 dubitare
1199 1863 1291 1919 jam
1326 1856 1514 1921 poteris,
1559 1866 1760 1903 sanctum

379 1927 586 1970 Joannem
613 1936 699 1969 tam
725 1925 849 1984 longe
870 1943 956 1971 esse
981 1944 1002 1971 a
1032 1944 1155 1973 sensu
1177 1940 1340 1982 vestm,
1362 1944 1492 1990 quam
1525 1943 1613 1971 non
1638 1944 1760 1972 rece-

379 1994 443 2039 dit
462 2013 484 2039 a
507 2012 629 2040 sensu
648 1995 865 2040 catholico
881 1999 897 2041 Ρ
915 1997 1141 2061 Numquid
1160 1998 1206 2043 in
1223 2002 1257 2058 ej
1267 2016 1313 2044 us
1331 1997 1627 2061 disputatione
1641 2033 1652 2052 ‚
1671 2013 1760 2061 qua

378 2065 552 2128 exponit
576 2066 768 2129 Apostoli
788 2065 932 2112 locum
954 2067 1063 2113 huie
1082 2069 1314 2131 quaestioni
1331 2085 1430 2132 quae
1447 2067 1558 2112 inter
1576 2084 1651 2111 nos
1666 2084 1759 2112 ver-

378 2135 483 2180 titur
518 2138 883 2198 pernecessarium
903 2173 914 2192 ‚
958 2137 1035 2182 ubi
1074 2139 1286 2201 scriptum
1330 2149 1390 2183 est
1422 2155 1432 2182 :
1464 2159 1483 2177 c<
1506 2139 1588 2181 Per
1621 2153 1756 2182 unum

335 2216 337 2218 ·
378 2226 398 2246 »
423 2205 643 2250 hominem
672 2217 902 2269 peceatum
928 2207 1106 2253 intravit
1131 2209 1175 2253 in
1202 2208 1467 2264 mundum2‚
1495 2226 1516 2247 r
1539 2218 1579 2252 et
1602 2216 1758 2253 caetera
1797 2227 1843 2272 gpr.

375 2291 476 2338 ([11113
509 2292 698 2320 connexa
730 2287 857 2332 sunt,
903 2277 1070 2323 alicubi
1101 2278 1266 2324 redolet
1303 2278 1425 2342 quod
1456 2295 1531 2323 vos
1578 2276 1751 2332 dicitis,
1797 2293 1799 2298 ¹

375 2356 557 2407 propter
579 2344 859 2390 imitationem
887 2346 975 2392 1100
994 2364 1079 2392 esse
1103 2348 1271 2393 dictum
1289 2386 1299 2402 ‚
1336 2365 1423 2392 non
1454 2356 1636 2410 propter
1656 2361 1753 2391 car-

375 2413 515 2460 nalem
541 2416 843 2460 nativitatem?
871 2418 1023 2462 Nonne
1045 2417 1119 2462 illo
1142 2435 1228 2463 uno
1252 2428 1433 2482 peccato
1459 2416 1755 2462 contaminata
1819 2431 1843 2469 125

376 2483 483 2530 dicit
513 2502 597 2530 esse
618 2485 785 2532 omnia.
814 2495 854 2530 et
882 2487 942 2531 sic
966 2486 1074 2532 illud
1105 2487 1333 2548 distinguit
1364 2506 1386 2533 a
1413 2487 1578 2533 caeteris
1607 2494 1753 2550 postea
1792 2473 1796 2533 l

426 2565 435 2587 ¹
455 2568 542 2597 Rom.
567 2570 720 2603 v1‚‘3,——-
735 2565 866 2605 ⁷1d.v,
894 2578 943 2598 12.
