1843 3190
369 285 460 340 340
775 300 809 330 s.
852 297 1093 329 AUGUSTINI
1130 298 1334 329 nrlscom

365 378 527 422 autem,
557 367 659 430 quia
677 366 807 411 istum
831 385 851 405 «
874 365 1043 409 Motum
1071 363 1269 410 libidinis
1294 363 1379 410 dixi
1403 363 1500 410 ideo
1527 363 1737 410 indecen-

361 447 465 493 tem,
486 437 588 500 quia
607 434 952 491 inobedientem3
978 456 998 476 »
1023 433 1174 480 dixisse
1193 452 1261 480 me
1293 434 1357 480 vis
1380 434 1529 497 putari
1550 452 1561 479 :
1585 455 1606 476 c<
1635 435 1735 480 Non

359 524 452 564 eam
473 507 666 570 corpori,
690 522 778 551 non
799 504 943 550 animo
961 521 1046 550 esse
1066 505 1326 565 subjectam,
1367 504 1440 550 sed
1465 503 1554 550 fera
1575 504 1736 550 virtute

358 593 525 641 semper
547 577 818 622 indomitam.
851 577 905 621 At
926 592 1003 635 ego
1021 574 1139 620 illam
1158 575 1360 621 virtutem
1399 591 1629 638 nunquam
1647 574 1735 621 dixi

359 665 462 703 esse,
491 648 564 694 sed
583 648 751 694 vitium.
780 645 913 702 Quod
949 646 983 691 si
1012 663 1100 692 non
1131 657 1330 691 movetur
1348 644 1701 709 concupiscendo
1719 682 1731 702 ,

358 718 466 781 quid
489 729 550 763 est
573 717 691 780 quod
709 716 912 762 adversus
930 733 1023 761 eam
1043 716 1215 761 castitas
1239 716 1419 762 dimicat
1442 714 1732 761 continendo?

355 787 443 832 Ubi
466 799 567 833 sunt
601 787 673 833 illa
709 803 809 848 quae
831 785 1032 831 adversus
1071 802 1165 830 eam
1205 786 1421 831 confessus
1435 802 1476 830 es
1502 785 1735 831 «Exerceri

355 868 604 902 sanctorum
644 856 827 916 gloriosa
860 855 1126 900 certamina?
1154 877 1174 896 »
1200 856 1424 911 Quantum
1447 873 1547 915 ergo
1583 856 1736 901 attinet

355 927 409 973 ad
428 928 705 991 pudicitiam,
720 926 841 989 quod
861 929 952 985 ejus
970 925 1166 971 libidinis
1186 927 1502 989 expugnatione
1523 963 1534 982 ,
1555 944 1733 990 oppres-

351 998 468 1043 sione
484 1035 494 1054 ,
522 997 762 1043 frenatione
781 1033 792 1051 ,
821 1006 863 1041 et
887 995 941 1041 ad
965 995 1079 1041 nihil
1103 995 1305 1041 illicitum
1330 997 1611 1060 permissione
1640 1015 1733 1043 ser·

348 1080 475 1115 vetur
495 1107 505 1124 ,
532 1070 619 1114 hoc
643 1068 751 1114 dicis
772 1066 894 1131 quod
931 1083 1008 1126 ego
1039 1083 1050 1111 ε
1084 1065 1158 1112 sed
1198 1066 1319 1130 quod
1358 1067 1695 1130 expugnandum
1716 1105 1727 1125 ,

351 1139 691 1203 opprimendum
712 1175 722 1194 ‚
749 1136 1056 1182 refrenandum
1095 1146 1187 1192 est,
1214 1154 1267 1182 ne
1295 1136 1349 1182 ad
1379 1137 1533 1183 illicita
1557 1138 1699 1202 rapiat
1716 1175 1727 1195 ,

349 1211 510 1273 quibus
533 1209 700 1254 inhiare
714 1225 802 1253 non
827 1217 982 1252 cessat:
1004 1206 1171 1252 bonum
1196 1223 1283 1252 esse
1302 1218 1350 1253 tu
1367 1206 1495 1264 dicis,
1523 1225 1612 1253 non
1633 1225 1723 1269 ego,

350 1279 459 1336 Quis
474 1290 617 1325 autem
640 1288 834 1324 nostrum
855 1292 1004 1322 verum
1031 1276 1167 1332 dicat,
1187 1277 1386 1336 judicent
1409 1278 1534 1332 casti,
1552 1279 1730 1325 auscul-

348 1359 486 1395 tantes
519 1366 608 1395 non
654 1348 817 1408 linguae
850 1357 955 1401 tuae,
991 1345 1065 1392 sed
1104 1347 1379 1409 experientiae
1410 1364 1515 1394 suae.
1553 1348 1728 1396 Judicet

350 1420 599 1484 Apostolus,
628 1418 775 1464 dicens
797 1435 807 1462 :
832 1438 851 1459 t(
870 1417 1009 1463 Video
1032 1416 1161 1462 aliam
1179 1416 1317 1478 legem
1336 1418 1380 1464 in
1405 1418 1612 1466 membris
1625 1421 1728 1466 meis

347 1512 368 1533 >2
393 1501 706 1554 repugnantem
729 1489 811 1548 legi
826 1489 982 1534 mentis
1003 1487 1159 1534 meai-1.
1193 1509 1214 1530 >2

408 1563 567 1608 XXVI.
599 1583 618 1603 «
634 1560 719 1606 Sed
740 1559 1005 1615 Paterniani,
1043 1559 1206 1623 inquis,
1229 1559 1451 1625 iidemque
1474 1561 1727 1609 venustiani

342 1633 540 1678 haeretici
587 1630 744 1676 similes
773 1629 1047 1684 Manichaeis,
1085 1630 1241 1676 dicunt
1266 1649 1289 1677 a
1329 1631 1492 1678 lumbis
1510 1649 1646 1696 usque
1670 1633 1725 1679 ad

339 1703 470 1766 pedes
488 1701 716 1748 diabolum
749 1700 895 1746 fecisse
912 1717 1072 1763 corpus
1096 1700 1285 1746 hominis
1299 1701 1338 1758 2,
1369 1703 1610 1764 superiores
1623 1720 1724 1751 vero

341 1784 486 1836 partes
509 1776 652 1818 Deum
677 1770 795 1816 velut
817 1787 948 1833 supra
978 1770 1125 1816 basem
1145 1770 1336 1834 aliquam
1361 1772 1593 1818 collocasse
1612 1791 1623 1819 :
1641 1774 1723 1820 ad-

347 1844 545 1907 duntque
569 1841 680 1887 nihil
701 1841 755 1886 ab
775 1840 965 1886 hominis
989 1839 1134 1886 studio
1152 1841 1332 1903 requiri,
1357 1858 1489 1904 quam
1507 1853 1556 1888 ut
1578 1843 1723 1889 anima

344 1931 476 1977 quam
514 1913 558 1958 in
597 1910 823 1957 stomacho
861 1921 902 1956 et
939 1911 1081 1974 capite
1108 1911 1309 1956 habitare
1343 1911 1520 1969 dicunt,
1555 1913 1721 1959 munda

342 1994 565 2030 servetur:
593 1983 756 2045 pubem
799 1998 912 2037 vero,
942 1982 976 2025 si
1004 1981 1198 2026 omnium
1221 1981 1483 2040 flagitiorum
1518 1983 1721 2029 sordibus

339 2055 578 2103 oblinatur,
610 2053 732 2097 aiunt
755 2051 808 2096 ad
833 2068 955 2096 suam
979 2068 1067 2096 non
1094 2051 1308 2113 pertinere
1335 2069 1501 2099 curam.
1530 2054 1596 2098 Ita
1613 2071 1720 2100 sem-

338 2143 433 2190 per,
462 2125 622 2188 inquis,
660 2135 707 2169 ut
725 2124 808 2185 ipsi
832 2122 1007 2168 libidini
1034 2122 1220 2184 turpiter
1237 2122 1439 2178 serviant,
1466 2123 1643 2169 titulum
1679 2125 1718 2171 ei

338 2196 530 2259 propriae
553 2194 777 2257 potestatis
796 2192 991 2252 affigunt.
1019 2193 1155 2251 Cujus
1176 2193 1431 2251 cognatione
1462 2194 1684 2240 sententiae
1700 2232 1712 2251 ,

337 2268 527 2327 posuisse
553 2282 621 2309 me
640 2265 684 2309 in
709 2263 822 2308 libro
853 2280 949 2308 meo
985 2262 1132 2307 asseris
1160 2279 1170 2306 :
1198 2263 1390 2308 Arbitrio
1412 2263 1714 2310 verecundan-

336 2335 446 2380 tium
466 2334 709 2389 velabatur,
732 2332 852 2396 quod
870 2349 957 2377 non
976 2331 1157 2377 arbitrio
1171 2331 1407 2378 volentium
1425 2333 1682 2379 movebatur
1699 2354 1711 2388 ;

335 2415 376 2450 et
399 2404 518 2468 quod
542 2420 629 2448 non
657 2403 841 2448 serviens
882 2401 1126 2455 voluntati,
1157 2417 1233 2446 suo
1270 2405 1368 2460 jure
1390 2419 1548 2465 corpus
1569 2402 1711 2449 libido

333 2473 581 2520 succendat.
605 2493 623 2511 0
651 2471 982 2534 Bumquidideo
1001 2470 1090 2517 vim
1108 2471 1300 2516 veritatis
1320 2472 1503 2532 effugere
1526 2473 1705 2535 poteris,
1778 2464 1781 2471 Α

332 2544 435 2608 quia
449 2542 574 2588 nobis
590 2540 900 2587 calumniando
918 2541 1128 2604 importas
1156 2540 1293 2587 socios
1321 2540 1549 2591 falsi-tatis?
1574 2542 1708 2602 Quod
1774 2559 1778 2597 ξ

378 2628 389 2650 ¹
408 2630 504 2660 Rom.
525 2637 587 2669 vn,
607 2626 664 2658 23.
679 2642 722 2648 —
740 2622 755 2646 ²
768 2624 850 2657 Vide
870 2623 928 2660 lib.
945 2623 985 2657 de
1001 2623 1183 2658 Haeresibus
1203 2624 1279 2658 haer.
1300 2626 1358 2660 85.
