1843 3190
393 358 409 389 ,ι
422 342 482 388 80
819 355 853 387 s,
896 350 1138 386 Avensa-rm
1173 350 1376 386 Emscom

1816 398 1822 412 ‚

386 423 518 470 dicas.
546 420 774 485 Numquid
799 421 1008 477 Ireiiaeus,
1052 432 1094 467 et
1130 421 1396 485 Cyprianus,
1425 431 1467 466 et
1484 419 1699 477 Reticius,
1722 433 1764 467 et

385 493 640 557 Olympius,
671 503 713 538 et
736 491 947 548 Hilarius,
979 502 1022 537 et
1039 493 1292 552 Gregorius,
1319 502 1360 537 et
1385 491 1585 547 Basilius,
1607 502 1648 536 et
1666 493 1765 538 Am-
1810 488 1812 516 ³

384 564 576 617 brosius,
601 574 643 608 et
676 564 863 608 Joannes
886 580 896 607 :
938 583 958 604 «
979 563 1043 608 De
1067 562 1238 625 plebeia
1277 562 1382 608 faece
1407 561 1721 607 sellulariorum
1745 584 1765 604 n
1816 620 1820 627 .

385 634 497 681 sicut
530 634 731 679 Tulliane
759 633 918 692 jocaris
946 651 957 678 ε
984 654 1003 674 «
1025 634 1077 678 In
1096 643 1281 679 vestram
1317 632 1526 678 invidiam
1562 631 1765 677 concitati

387 708 520 750 sunt?
548 727 569 746 ›>
594 703 861 767 Numquid«
885 704 1076 749 Milites?
1102 725 1122 745 »
1148 703 1401 765 numquid«
1422 702 1682 747 Scholastici
1701 719 1769 749 au·
1808 707 1819 768 η’

385 774 638 821 ditoriales1
663 779 682 821 ἶ.)
705 797 724 816 »
744 775 962 837 numquid
1003 786 1148 820 nautae
1167 813 1177 830 ,
1221 796 1239 813 a
1267 774 1546 829 Tabernarii,
1577 774 1765 829 caetarii,
1816 773 1819 779 ¹

385 847 542 909 coqui,
581 845 718 890 lanii?
734 867 754 886 >2
771 845 988 906 numquid
1015 866 1034 885 (ι
1059 845 1359 891 Adolescentes
1376 861 1421 888 ex
1438 843 1663 888 monachis
1677 843 1769 888 dis·
1809 860 1817 905 f

385 915 543 960 soluti?
566 936 587 956 ³>
610 914 840 977 Numquid
860 924 1083 976 postremo
1108 916 1208 959 «De
1237 913 1626 977 qualiumcumque
1642 913 1770 959 cleri-
1808 923 1817 970 ῤ’

385 1001 536 1030 corum
556 984 686 1029 turba
702 984 803 1028 »isti
819 994 936 1039 sunt,
955 1000 1065 1047 quos
1082 983 1252 1029 urbana
1270 983 1500 1042 exagitatos
1520 982 1767 1038 dicacitate,
1806 1031 1808 1034 ,

384 1055 453 1101 vel
472 1056 620 1118 potius
649 1054 838 1100 vanitate
863 1055 1122 1101 contemnis,
1140 1075 1160 1095 c<
1187 1054 1299 1110 Quia
1316 1071 1401 1098 non
1417 1064 1595 1116 possunt
1615 1071 1771 1099 secun-

387 1125 492 1171 dum
517 1126 750 1185 categorias
770 1125 1007 1170 Aristotelis
1024 1125 1078 1171 de
1099 1124 1614 1185 dogmatibusjudicareP
1638 1125 1774 1181 Quasi
1812 1135 1814 1137 ’

385 1207 435 1242 tu
449 1233 459 1252 ,
478 1197 556 1260 qui
578 1196 760 1242 maxime
779 1195 968 1259 quereris
989 1217 1009 1237 «
1030 1198 1219 1241 Examen
1238 1195 1362 1241 vobis
1379 1205 1421 1240 et
1439 1194 1683 1258 episcopale
1701 1198 1773 1254 ju·
1804 1218 1806 1223 ·
1840 1201 1843 1204 ⁴

388 1265 553 1312 dicium
593 1267 812 1326 denegari,
836 1288 856 1308 >³
885 1267 1276 1329 Peripateticorum
1299 1265 1433 1328 possis
1453 1265 1645 1310 invenire
1663 1282 1773 1310 con-
1806 1259 1814 1299 1¹
1839 1255 1841 1269 ⁴

389 1336 558 1393 cilium,
579 1337 656 1382 ubi
677 1337 730 1382 de
748 1336 947 1396 subjecto
965 1348 1005 1382 et
1024 1337 1093 1382 his
1113 1353 1214 1400 quae
1228 1347 1327 1381 sunt
1342 1336 1385 1381 in
1406 1336 1603 1395 subjecto
1625 1346 1775 1381 contra
1805 1353 1817 1404 ξ,
1839 1335 1843 1392 j

387 1407 596 1467 originale
626 1417 859 1471 peccatum
906 1407 1132 1453 dialectica
1170 1407 1378 1453 sententia
1405 1406 1665 1469 proferatur.
1700 1406 1777 1452 Isti

387 1477 583 1540 episcopi
604 1488 704 1522 sunt
729 1477 865 1533 docti,
883 1495 1050 1536 graves,
1078 1478 1234 1533 sancti,
1269 1477 1462 1524 veritatis
1491 1476 1687 1522 acerrimi
1705 1476 1777 1522 de-
1809 1470 1813 1484 '
1836 1477 1839 1514 Ῑ

387 1545 574 1592 fensores
597 1547 801 1592 adversus
834 1547 1028 1607 garrulas
1064 1548 1292 1604 vanitates,
1316 1547 1361 1592 in
1381 1563 1568 1610 quorum
1592 1547 1773 1602 ratione,
1803 1545 1813 1603 ᾗ
1841 1553 1843 1584 ἶ

389 1617 634 1663 eruditione
651 1654 661 1672 ,
684 1617 885 1663 libertate
900 1655 910 1670 ,
936 1635 1039 1681 quae
1067 1618 1149 1663 tria
1172 1618 1289 1663 bona
1308 1617 1449 1678 judici
1475 1617 1669 1662 tribuisti
1690 1634 1778 1662 non
1802 1618 1809 1636 *¹
1835 1624 1843 1685 ζ

390 1697 516 1750 potes
546 1687 738 1733 invenire
763 1687 884 1750 quod
911 1705 1099 1750 spernas,
1141 1688 1186 1733 Si
1226 1687 1486 1751 episcopalis
1509 1687 1701 1751 synodus
1732 1703 1778 1732 ex
1802 1688 1809 1719 '3

390 1766 483 1801 toto
503 1757 608 1802 orbe
631 1767 981 1816 congregaretur,
1001 1758 1159 1803 mirum
1182 1758 1214 1803 si
1235 1757 1338 1803 tales
1357 1769 1532 1821 possent
1550 1758 1639 1804 illic
1653 1757 1780 1804 facile
1834 1762 1839 1765 ’

394 1983 475 2030 per
508 1966 697 2012 diversas
735 1978 879 2013 aetates
906 1978 1151 2031 temporum
1174 2006 1183 2019 ,
1231 1969 1515 2033 locorumque
1539 1932 1804 2025 distantias,
1831 1960 1843 2022 Γ

393 2037 508 2083 sieut
532 2037 568 2082 ei
584 2037 728 2100 placet
753 2049 881 2101 atque
896 2038 1296 2100 expeclirejudicat,
1315 2041 1406 2103 ipse
1427 2040 1664 2103 dispensat.
1691 2041 1799 2085 Hos
1830 2040 1840 2047 ”

393 2107 542 2169 itaque
561 2106 614 2152 de
639 2107 731 2152 aliis
756 2118 883 2171 atque
904 2108 995 2154 aliis
1015 2109 1291 2172 temporibus
1312 2121 1442 2172 atque
1457 2110 1708 2169 regionibus
1727 2110 1800 2155 ab

396 2177 576 2222 Oriente
610 2188 651 2223 et
686 2178 928 2224 Occidente
950 2190 1230 2239 congregatos
1272 2180 1408 2235 vides,
1439 2197 1528 2225 non
1564 2181 1608 2225 in
1633 2180 1783 2226 locum

393 2263 483 2308 quo
507 2247 710 2305 navigare
730 2259 944 2306 cogantnr
964 2249 1178 2299 homines,
1205 2250 1276 2294 sed
1304 2251 1347 2294 in
1373 2250 1534 2294 librum
1557 2251 1632 2312 qui
1654 2250 1796 2295 navi-³

395 2333 494 2374 gare
530 2318 665 2378 possit
688 2317 741 2362 ad
768 2318 980 2364 homines.
1025 2321 1202 2375 Quanto
1231 2321 1309 2364 tibi
1353 2331 1490 2365 essent
1514 2321 1582 2365 isti
1609 2320 1798 2382 judices

394 2386 692 2447 optabiliores,
720 2388 753 2431 si
770 2398 934 2433 teneres
959 2390 1221 2434 catholicam
1248 2390 1405 2441 fidemg
1437 2401 1556 2435 tanto
1582 2391 1660 2435 tibi
1679 2400 1796 2435 sunt

394 2455 692 2509 terribiliores,
722 2458 825 2518 quia
850 2475 1080 2520 oppugnas
1102 2459 1362 2504 catholicam
1393 2460 1520 2505 fidem
1546 2478 1556 2504 ε
1577 2477 1706 2523 quam
1731 2462 1796 2505 iu

391 2524 503 2570 lacte
526 2537 756 2572 suxerunt.
796 2544 927 2589 quam
953 2528 998 2572 in
1024 2529 1124 2573 cibo
1161 2541 1453 2592 sumpserunt,
1481 2533 1604 2588 cujus
1626 2530 1694 2575 lac
1737 2539 1791 2594 et¹

389 2594 540 2639 cibum
558 2596 704 2657 parvis
726 2596 975 2660 magnisque
1006 2598 1359 2645 ministraverunt
1378 2616 1508 2662 quam
1524 2609 1676 2645 contra
1690 2598 1791 2646 ini-2

433 2680 444 2700 ¹
463 2676 641 2709 videinfra
664 2677 718 2710 lib.
740 2679 773 2712 6,
797 2688 814 2709 c
845 2689 898 2713 ιι,
