1843 3190
232 326 406 359 CONTRA
440 325 665 359 JULIANUM
700 324 1005 368 PELAGIANUM,
1044 327 1131 360 LIB.
1175 327 1225 359 11.
1314 312 1398 375 157

11 414 14 427 =
41 391 252 458 praeditus
269 393 570 456 comparavit?
598 391 730 448 Quod
751 409 848 453 ergo
866 403 927 439 est
943 402 1096 439 octavo
1116 392 1186 438 die
1204 409 1291 437 non
1315 393 1406 437 cir-

42 464 258 521 cumcidi,
287 463 374 510 hoc
399 475 460 509 est
480 464 524 509 in
550 463 724 509 Christo
749 481 836 509 non
864 463 1078 527 baptizari
1105 481 1116 508 z
1139 473 1180 508 et
1203 462 1321 525 quod
1345 473 1406 507 est

12 545 14 584 ξ
39 535 182 597 perire
205 533 258 580 de
275 534 442 598 populo
466 550 542 579 suo
559 571 569 590 ,
591 533 678 580 1100
696 545 758 580 est
774 551 861 580 non
879 534 1036 579 intrare
1053 534 1099 579 in
1115 549 1296 594 regnum
1320 549 1409 578 coe-

11 609 14 664 J
41 604 196 651 lorum.
228 606 282 650 Et
308 616 448 651 tamen
471 621 546 652 vos
563 604 608 650 in
630 605 889 668 baptismate
906 605 1192 668 parvulorum
1215 603 1407 666 expolia-

11 665 13 680 ’
40 673 204 720 tionem
227 675 369 720 carnis
387 712 398 731 ‚
426 675 514 720 hoc
547 685 636 732 est,
663 675 1036 721 circumcisionem
1060 691 1148 719 non
1182 673 1410 718 manufac-

41 753 159 799 tam,
189 744 398 790 celebrari
433 745 622 805 negati53
661 745 764 807 quia
797 744 910 790 nihil
947 761 1046 800 eos,
1080 760 1168 807 quo
1204 742 1410 805 expoliari

43 812 256 870 debeant,
297 814 460 860 habere
498 815 770 861 contenditis.
818 816 915 860 Non
952 814 1067 859 0111111
1111 830 1180 859 eos
1216 811 1412 858 fatemini

41 893 235 928 mortuos
258 883 303 929 in
327 885 548 947 praeputio
572 886 713 931 carnis
736 901 823 930 suae
839 921 851 941 ,
885 901 972 947 quo
990 894 1219 947 peccatum
1242 882 1410 941 signifi-

43 961 190 1008 catur,
214 955 396 999 maxime
417 954 537 1017 quod
559 955 821 1015 originaliter
837 954 1028 999 trahitur
1048 971 1059 998 :
1090 971 1167 1016 per
1195 952 1280 997 hoc
1297 951 1411 996 enim

41 1031 104 1065 est
121 1038 280 1085 corpus
298 1035 495 1069 nostrum
525 1041 684 1087 corpus
708 1024 906 1087 peccati,
930 1023 1051 1086 quod
1079 1021 1277 1069 evacuari
1299 1020 1407 1065 dicit

44 1091 276 1153 Apostolus
298 1110 377 1156 per
401 1110 576 1139 crucem
603 1094 813 1141 Christi1.

108 1162 230 1208 XIX.
273 1163 359 1209 Sed
386 1180 502 1210 nunc
537 1165 755 1210 sententiis
787 1165 1092 1228 episcoporum
1127 1162 1205 1225 qui
1235 1161 1412 1206 fuerunt

46 1242 142 1277 ante
164 1250 242 1279 nos
256 1271 268 1290 ‚
293 1245 336 1280 et
359 1235 458 1283 haec
481 1235 629 1283 divina
651 1236 824 1300 eloquia
849 1235 1033 1281 fideliter
1053 1245 1094 1280 et
1111 1232 1412 1279 memorabili—

47 1311 110 1347 ter
134 1313 454 1363 tractaverunt,
482 1323 631 1366 urgere
661 1318 702 1353 te
725 1305 907 1352 institui.
936 1305 1128 1350 Proinde
1165 1303 1219 1349 ad
1243 1303 1414 1365 episco-

10 1370 13 1452 Ι
39 1388 152 1434 pum
179 1374 460 1422 Ambrosium
491 1388 757 1424 revertamur
779 1395 789 1422 ε
819 1376 896 1440 qui
925 1393 1025 1421 cum
1048 1386 1090 1420 et
1112 1374 1310 1419 homines
1328 1409 1340 1426 ,
1368 1370 1414 1415 id

9 1458 13 1507 ξ
41 1453 125 1499 est,
157 1454 197 1489 et
216 1446 379 1491 animas
408 1457 450 1492 et
472 1464 657 1511 corpora
687 1447 944 1500 hominum,
970 1461 1080 1508 opus
1102 1445 1185 1490 Dei
1208 1460 1294 1488 esse
1325 1458 1413 1486 non

43 1511 217 1560 dubitet
230 1552 242 1571 ‚
271 1527 312 1561 et
335 1519 510 1580 nuptias
528 1518 738 1574 honoret,
760 1529 802 1562 et
820 1518 865 1561 in
884 1515 1104 1579 baptismo
1124 1513 1288 1558 Christi
1302 1528 1414 1574 prae-

44 1581 160 1628 dicet
178 1585 323 1631 omnia
340 1598 520 1649 peccata
533 1587 718 1643 dimitti,
738 1598 778 1632 et
795 1588 936 1632 Deum
950 1601 1035 1630 esse
1049 1584 1216 1630 noverit
1227 1586 1411 1643 justum,

10 1651 12 1664 '
45 1662 87 1696 et
122 1670 326 1717 capacem
349 1656 520 1702 virtutis
554 1668 683 1720 atque
719 1655 995 1719 perfectionis
1027 1671 1106 1717 per
1135 1654 1215 1698 Dei
1233 1652 1414 1711 gratiam

9 1760 12 1784 ⁹
45 1720 287 1768 humanam
313 1741 401 1770 non
423 1737 547 1786 neget
570 1744 656 1772 esse
676 1737 901 1780 naturan13
933 1741 1033 1787 quae
1068 1733 1206 1769 vestra
1220 1723 1416 1785 quinque

45 1789 187 1838 fi‘lcitis
204 1806 481 1854 argumenta,
506 1797 816 1842 contendentes
833 1795 1003 1841 nullum
1020 1795 1201 1840 istorum
1225 1794 1419 1868 quinque

2 1874 12 1924 ,ξ
48 1877 201 1908 verum
222 1881 308 1910 esse
331 1882 476 1927 posse,
500 1867 580 1912 nisi
598 1866 751 1913 falsum
775 1868 830 1912 sit
852 1865 1022 1911 trahere
1048 1873 1270 1909 nascentes
1288 1860 1418 1939 origi-

1 1957 6 1978 2
49 1934 146 1979 nale
170 1945 438 1997 peccatum:
472 1947 619 1982 tamen
652 1938 739 1983 hoc
770 1938 940 2000 ipsum,
977 1934 1096 1999 quod
1126 1934 1195 1979 his
1227 1932 1421 1995 quinque

53 2004 314 2062 argumentis
335 2004 500 2051 auferre
517 2007 757 2063 conamini,
779 2008 839 2052 sic
852 2006 923 2051 ille
940 2005 1018 2050 ubi
1037 2019 1148 2066 opus
1166 2013 1226 2048 est
1244 2039 1254 2057 ,
1274 2001 1319 2046 in
1337 2000 1422 2044 suis

0 2114 5 2115 γ
54 2074 325 2119 sermonibus
347 2076 495 2138 ponit,
535 2088 583 2123 ut
608 2078 745 2124 cuivis
767 2078 866 2123 satis
899 2075 1093 2131 eluceat,
1131 2072 1239 2150 quid
1265 2072 1423 2117 catho-

53 2142 138 2188 lica
157 2144 314 2190 veritas
331 2142 462 2190 soleat
478 2164 533 2207 pi
537 2147 742 2202 aedicare,
774 2146 882 2210 quid
901 2145 1085 2208 profana
1103 2143 1270 2189 novitas
1293 2157 1425 2186 cone-

57 2224 129 2258 tur
148 2224 347 2259 evertere.
379 2215 444 2259 An
470 2214 623 2261 forte
612 2234 753 2279 ipsum
777 2232 951 2279 quoque
987 2213 1265 2259 Ambrosium
1300 2207 1426 2255 scisse

59 2301 109 2329 ac
138 2283 332 2328 docuisse
347 2283 598 2342 dubitabis,
621 2289 760 2332 Deum
779 2303 863 2331 esse
881 2283 1110 2330 hominum
1132 2281 1423 2335 conditorem,

60 2365 102 2398 et
126 2353 280 2398 animae
299 2364 340 2398 ct
362 2357 591 2418 corporis?
625 2357 736 2402 Audi
762 2373 860 2415 ergo
887 2354 994 2417 quid
1018 2353 1133 2398 dicat
1165 2352 1210 2397 in
1235 2352 1350 2396 libro
1376 2350 1428 2395 de

59 2422 343 2487 philosophia
367 2436 517 2470 contra
545 2426 769 2471 Platonem
793 2423 1113 2488 philosophum
1136 2459 1146 2477 ‚
1180 2422 1254 2484 qui
1280 2420 1430 2464 homi-

62 2509 168 2537 num
196 2493 358 2537 animas
382 2494 545 2541 revolvi
570 2497 616 2542 in
646 2496 802 2542 bestias
832 2503 1068 2548 asseverat,
1106 2502 1148 2537 et
1186 2490 1429 2536 animarum

63 2561 367 2609 tantummodo
392 2563 530 2613 Deum
557 2567 762 2631 opinatur
794 2575 1042 2620 auctorem,
1076 2577 1261 2624 corpora
1283 2569 1429 2606 autem

116 2647 124 2667 ¹
146 2647 238 2677 Rom.
255 2655 302 2688 vx,
321 2643 355 2676 6.
