1843 3190
312 225 406 281 344
717 246 751 275 s.
792 245 1035 277 AUGUsrmr
1071 247 1273 278 EPISCOPI

314 305 468 354 debeat
486 326 739 374 repugnare.
768 311 964 375 Denique
988 312 1066 358 ista
1100 314 1204 359 vitia
1245 332 1332 361 non
1364 315 1556 363 medicos
1575 316 1686 363 ullos

312 395 549 442 corporum
571 391 794 444 quaerunt,
821 382 894 427 sed
919 383 1056 442 gratia
1080 384 1245 430 Christi
1262 385 1506 432 medicante
1522 405 1685 433 curan-

311 459 408 503 tur;
431 451 549 513 prius
572 463 621 497 ut
639 462 759 497 reatu
785 469 872 497 non
902 463 1089 509 teneant,
1117 454 1273 501 deinde
1293 466 1341 501 ut
1360 457 1569 503 conflictu
1598 475 1687 503 11011

315 521 510 576 vincant,
532 533 750 585 postremo
769 533 816 567 ut
840 523 960 568 omni
979 541 1026 568 ex
1049 535 1172 586 parte
1206 537 1353 571 sanata
1375 526 1494 572 nulla
1511 527 1688 573 omnino

309 603 572 638 remaneant.
604 592 791 637 Proinde
827 609 925 638 cum
962 593 1073 638 mala
1097 596 1405 658 concupiscere
1431 595 1594 641 malum
1612 597 1684 652 sit,

313 672 354 706 et
369 662 482 706 bona
507 662 817 725 concupiscere
836 663 1003 707 bonum
1026 663 1095 719 sit,
1118 675 1246 727 atque
1265 665 1351 710 hoc
1368 665 1534 711 bellum
1554 682 1691 729 quan-

314 731 390 776 diu
430 731 505 776 1110
536 732 698 777 vivitur
730 748 818 776 non
855 732 1067 794 quiescat,
1092 755 1109 773 «
1138 734 1253 779 Cum
1291 752 1392 780 caro
1418 736 1693 798 concupiscit

313 822 333 843 »
364 800 568 846 adversus
604 801 826 864 spiritum,
851 811 891 846 et
917 802 1093 864 spiritus
1111 802 1312 848 adversus
1329 803 1558 859 carne11113
1585 804 1695 861 Quis

312 893 333 914 >2
359 888 426 916 me
449 870 655 917 liberabit
682 871 734 916 de
773 888 957 935 corpore
990 872 1140 918 mortis
1163 873 1297 933 hujus
1312 911 1322 929 ,
1354 874 1435 919 nisi
1457 875 1593 934 gratia
1613 875 1694 921 Dei

314 964 334 984 »
360 959 438 1004 per
451 945 594 987 Jesum
614 941 840 987 Christum
857 942 1092 988 Dominum
1109 954 1306 989 nostrum
1327 944 1374 990 ΞΡ
1396 966 1415 986 >2
1437 944 1521 991 Cui
1543 944 1693 1006 gratiae

313 1012 441 1057 nimis
462 1012 690 1059 inimicum
717 1012 875 1072 dogma
889 1012 1179 1059 horrescimus
1200 1025 1407 1061 vestrum.

377 1083 540 1129 XXIX.
570 1082 656 1129 Sed
678 1083 745 1129 vir
770 1082 1027 1129 fortissimus
1057 1095 1375 1131 nocturnorum
1401 1086 1479 1131 etsi
1508 1103 1599 1131 11011
1622 1085 1698 1131 ad-

319 1154 602 1210 ministrator,
641 1164 754 1199 certe
786 1154 1037 1199 exhortator
1066 1155 1418 1220 praedicatorque
1443 1155 1693 1202 bellorum:

319 1247 338 1267 «
363 1226 573 1270 Enervem
610 1235 652 1269 et
670 1223 843 1269 mollem
862 1241 947 1269 esse
967 1224 1076 1270 dicis
1098 1226 1367 1288 opinionem,
1394 1243 1482 1290 qua
1506 1226 1700 1272 creditur

319 1298 365 1343 in
389 1294 593 1360 paradiso
626 1294 682 1339 ad
711 1305 867 1340 nutum
899 1295 1134 1342 voluntatis
1157 1297 1358 1356 genitalia
1381 1298 1572 1360 potuisse
1608 1315 1697 1343 ser-

322 1370 424 1415 vire.
442 1390 460 1410 »
480 1369 620 1412 Tanto
643 1366 758 1411 enim
779 1366 879 1422 tibi,
899 1377 1108 1430 tanquam
1125 1368 1217 1413 viro
1240 1379 1376 1421 casto,
1396 1368 1702 1414 effoeminatior

322 1439 496 1486 videtur
514 1454 599 1483 esse
617 1437 802 1492 animus,
822 1447 988 1499 quanto
1011 1437 1112 1500 plus
1138 1437 1274 1483 habet
1291 1438 1515 1500 potestatis
1535 1438 1580 1483 in
1601 1455 1703 1483 cor-

327 1528 421 1574 pus.
449 1508 532 1554 Sed
553 1524 651 1554 ecce
667 1524 757 1553 non
777 1507 1005 1552 vobiscum
1027 1507 1288 1554 delibidinis
1308 1509 1499 1554 absentia
1514 1525 1703 1572 praesen-

324 1582 434 1627 tiave
455 1577 775 1632 contendimus,
803 1594 882 1622 nec
909 1577 1185 1623 dilectionem
1225 1594 1357 1641 quam
1379 1577 1535 1624 debere
1565 1595 1640 1623 vos
1665 1578 1704 1624 ei

327 1651 543 1704 videmus,
571 1647 854 1700 offendimus3
895 1647 1040 1693 saltem
1085 1648 1224 1710 ipsam
1264 1648 1436 1694 subdite
1473 1648 1706 1694 voluntatis

329 1720 512 1785 imperio
534 1719 580 1764 in
605 1717 680 1763 illo
702 1717 918 1763 felicitatis
940 1718 1055 1764 loco.
1104 1718 1276 1764 Auferte
1312 1718 1414 1764 inde
1434 1718 1706 1764 evidentissi-

328 1809 442 1838 mam
467 1805 681 1853 pugnam,
704 1804 804 1850 quae
821 1789 870 1833 fit
885 1791 975 1848 ejus
994 1788 1173 1834 motioni
1201 1799 1343 1834 mente
1369 1789 1578 1834 renitente
1599 1807 1610 1833 ι
1632 1805 1706 1834 au-

326 1863 431 1909 ferte
457 1860 558 1906 inde
577 1858 871 1921 turpissimam
897 1875 1068 1921 pacem,
1107 1875 1206 1921 quae
1232 1860 1281 1903 fit
1304 1862 1395 1919 ejus
1421 1858 1709 1904 dominationi

333 1943 474 1979 mento
489 1930 710 1976 serviente.
736 1929 790 1973 lit
809 1940 922 1974 certe
937 1930 1038 1992 quia
1050 1946 1137 1975 non
1155 1947 1247 1974 eam
1261 1929 1388 1975 talem
1405 1929 1576 1986 videtis,
1597 1947 1706 1993 qua-

331 2004 416 2049 lem
452 2001 516 2047 ibi
553 1999 829 2054 constituere,
860 2000 893 2044 si
917 2000 1080 2044 ratione
1111 2017 1200 2044 non
1235 1999 1515 2054 revocamini,
1541 1999 1710 2063 pudore

334 2071 535 2133 cogimini
551 2092 560 2127 3
578 2070 622 2115 in
646 2086 694 2114 ea
714 2068 853 2132 qualis
870 2086 989 2115 nunc
1013 2080 1074 2114 est
1091 2070 1246 2115 vitium
1263 2069 1472 2128 originale
1484 2068 1679 2115 fatemini
1697 2088 1708 2127 ;

333 2145 405 2191 cui
437 2143 470 2188 si
495 2140 705 2187 servimus
740 2141 948 2203 perimus,
987 2141 1058 2186 cui
1076 2156 1369 2204 repugnamus
1387 2157 1440 2185 ne
1457 2141 1703 2187 serviamus,

338 2217 451 2260 Ecce
480 2210 601 2275 quod
618 2209 786 2265 laudas,
807 2227 887 2256 nec
905 2211 1083 2256 timesne
1106 2211 1188 2256 tibi
1210 2211 1356 2274 potius
1378 2210 1607 2256 admoneas
1625 2227 1712 2256 esse

333 2283 587 2338 dicendum,
611 2280 730 2344 quod
749 2280 803 2325 ad
822 2281 984 2341 flagitia
1003 2283 1192 2327 concites
1206 2281 1420 2336 homines,
1441 2298 1495 2326 ne
1513 2280 1712 2326 resistant

331 2352 719 2417 concupiscentiae,
734 2369 864 2415 quam
887 2353 998 2398 sicut
1020 2353 1187 2399 bonum
1206 2351 1399 2397 naturale
1411 2351 1704 2399 commendas,

332 2424 453 2484 Quid
480 2422 595 2469 enim
630 2431 672 2466 te
701 2421 894 2481 adjuvat,
931 2422 1053 2486 quod
1087 2420 1402 2485 reprehendere
1424 2420 1583 2467 videris
1620 2424 1711 2481 ejus

326 2511 560 2550 excessum,
584 2496 710 2554 cujus
726 2494 946 2557 approbas
974 2496 1171 2540 motum?
1191 2494 1317 2539 Tunc
1335 2492 1450 2539 enim
1468 2492 1634 2539 excedit
1650 2492 1708 2538 li—

378 2578 509 2611 ¹Galat.
525 2588 559 2620 v,
586 2586 638 2615 17.
657 2593 700 2600 —
720 2573 843 2610 ²Rom.
866 2586 927 2615 vu,
948 2583 1005 2613 24.
