1843 3190
259 303 434 336 CONTRA
468 300 694 338 JULIANUM
729 301 1035 347 PELAGIANUM,
1073 304 1160 339 LIB.
1207 308 1278 340 ΙΙΙ.
1354 309 1444 358 207

76 381 238 420 nestate
256 380 471 419 exercetur
488 389 500 424 ;
521 390 542 412 >2
565 369 689 433 quasi
707 369 912 416 honestus
931 370 985 416 sit
1003 373 1220 436 appetitus
1237 374 1314 422 iste
1331 393 1441 422 sem-

74 459 153 506 per
170 442 217 489 in
241 445 450 501 conjuge,
484 451 527 486 et
560 439 673 487 nihil
708 440 747 486 ei
784 441 933 487 saltem
969 442 1210 490 secundum
1242 446 1411 492 veniam
1431 485 1442 504 ,

75 512 187 559 sicut
209 512 319 558 dicit
349 510 580 575 Apostolus
596 547 607 567 ‚
637 511 964 559 concedatur1?
990 513 1165 570 Quanto
1198 515 1351 567 melius
1371 517 1447 563 di-

75 599 190 629 ceres
211 601 221 628 :
246 584 299 631 In
318 585 555 642 conjugum
578 581 873 630 moderatione
893 599 994 628 cum
1024 583 1250 631 honestate
1275 604 1447 633 exerce-

74 656 173 702 tur?
193 654 261 700 An
277 653 460 698 timuisti
484 669 536 698 ne
564 651 654 698 illic
674 670 848 717 quoque
866 653 1134 713 intelligatur
1160 656 1321 702 malum
1341 695 1352 714 ‚
1376 660 1447 706 cui

73 723 203 770 etiam
237 727 442 783 conjuges
477 722 650 770 frenum
691 741 797 769 cura
832 724 1141 771 moderationis
1179 726 1447 790 imponunt?

71 794 295 840 Postremo
318 811 436 839 nunc
454 793 603 840 saltem
621 797 713 853 jam
738 795 1009 854 continenter
1032 796 1180 843 vivens
1199 806 1379 858 agnosce
1400 801 1447 847 in

71 864 292 927 quadrigis
313 864 396 909 illis
416 863 711 909 Ambrosianis
726 881 888 927 equum
909 865 1072 912 malum
1087 867 1105 894 2
1123 888 1133 922 3
1151 878 1192 912 et
1210 868 1300 914 noli
1317 870 1447 916 corde

72 933 140 980 Vel
161 951 234 980 ore
257 933 460 989 laudare,
487 950 618 997 quem
653 934 816 994 cogeris
839 935 1000 981 virtute
1030 935 1209 984 frenare.
1255 959 1275 979 c<
1295 939 1444 996 Quar-

73 1011 188 1058 tum,
216 1003 386 1066 inquis,
414 1020 437 1048 a
460 1002 784 1052 lascivientibus
810 1015 1085 1067 perpetratur
1103 1042 1114 1062 ‚
1149 1006 1196 1051 id
1222 1018 1309 1064 est,
1330 1009 1446 1056 illius

71 1072 308 1136 voluptatis
331 1089 521 1118 excessus
540 1109 551 1128 ‚
581 1084 622 1118 et
640 1074 741 1135 quia
762 1074 815 1118 de
834 1075 1060 1121 insolentia
1075 1111 1087 1129 ‚
1113 1093 1201 1122 non
1221 1077 1274 1122 de
1293 1090 1445 1126 natura

72 1143 311 1204 contingit,
338 1143 508 1206 inquis,
527 1146 626 1202 jure
645 1142 894 1191 damnatur.
922 1166 941 1186 >2
966 1146 1031 1191 De
1058 1149 1182 1205 cujus
1203 1164 1351 1210 quaeso
1374 1150 1446 1200 iu-

72 1213 252 1262 solemia
273 1213 517 1273 contingit?
538 1213 750 1271 lasciviae,
781 1232 835 1260 an
860 1216 1259 1279 concupiscentiae?
1286 1220 1350 1265 Ne
1375 1220 1446 1266 of-

70 1283 220 1331 fendas
239 1294 482 1348 susceptam
501 1322 512 1340 ‚
535 1284 816 1348 respondebis
835 1322 847 1342 ‚
871 1285 1073 1334 lasciviae.
1100 1286 1184 1333 Sed
1202 1304 1349 1335 omnes
1365 1290 1446 1336 ho-

71 1354 208 1402 mines
239 1354 441 1415 judicant
472 1354 660 1402 lasciviae
695 1372 784 1401 non
819 1373 906 1402 esse
938 1367 1169 1420 peccatum
1188 1394 1201 1415 ,
1237 1359 1318 1405 nisi
1341 1362 1446 1424 quia

72 1425 439 1488 concupiscentiae
462 1426 743 1472 consentitur.
767 1426 1033 1473 Nullum-ne
1051 1444 1150 1488 ergo
1171 1429 1334 1476 malum
1355 1442 1443 1489 est,

72 1493 145 1539 cui
167 1494 474 1541 consentiendo
496 1499 737 1559 peccatur?
764 1498 820 1542 At
837 1497 923 1544 hoc
942 1497 1107 1543 malum
1128 1498 1238 1544 inest
1252 1500 1298 1546 in
1317 1519 1445 1548 carne

73 1574 226 1612 contra
247 1565 446 1628 spiritum
471 1566 806 1629 concupiscente
824 1603 835 1623 ‚
855 1567 1023 1613 etiamsi
1043 1585 1132 1613 non
1149 1569 1204 1614 sit
1225 1570 1270 1615 in
1289 1571 1446 1634 spiritu

71 1650 161 1680 non
201 1635 492 1680 consentiente
513 1672 522 1690 ‚
563 1646 604 1681 et
644 1647 795 1682 contra
819 1637 949 1682 etiam
983 1638 1330 1701 concupiscente.
1363 1643 1446 1687 Ex·

74 1703 212 1750 clama
245 1722 374 1765 ergo,
414 1726 435 1746 «
459 1706 617 1752 Libera
650 1724 727 1752 nos
763 1725 787 1752 a
822 1707 1043 1753 ma1032»
1080 1719 1121 1754 et
1153 1709 1241 1757 noli
1281 1712 1445 1758 molum

73 1774 191 1821 falsae
208 1775 350 1822 laudis
373 1776 478 1823 huic
506 1776 662 1823 addere
681 1778 810 1825 malo,

138 1847 302 1893 XXIX.
340 1846 504 1893 Diserte
529 1865 628 1894 sane
656 1849 768 1894 inter
789 1848 1057 1894 lascivientes
1085 1860 1125 1896 et
1149 1851 1447 1900 continuentes

75 1925 284 1978 tanquam
320 1916 366 1962 in
408 1917 550 1963 medio
586 1918 851 1981 pudicitiam
885 1920 1111 1966 constituis
1146 1923 1443 1982 conjugalem,

75 2006 94 2026 «
121 1986 233 2041 Quae
254 1986 350 2032 illos
368 1986 520 2035 illicita
538 1989 800 2035 commisisse
823 1989 1078 2049 indignatur
1095 2028 1106 2047 ,
1134 1991 1214 2037 hos
1232 1993 1361 2039 etiam
1387 1995 1445 2040 li-

75 2055 160 2101 cita
187 2058 494 2121 contempsisse
518 2059 732 2114 miratur3
763 2059 906 2106 ultimi
940 2059 1088 2106 limitis
1120 2063 1264 2108 sortita
1302 2065 1446 2124 regio-

75 2143 193 2182 nem,
217 2126 332 2172 ultra
354 2145 396 2173 se
418 2129 725 2190 proruentium
749 2140 943 2175 execrata
967 2130 1232 2189 barbariem,
1257 2150 1387 2196 supra
1407 2152 1450 2181 se

75 2196 330 2242 micantium
357 2209 558 2243 venerata
587 2198 825 2258 fulgorem,
846 2216 945 2262 quae
963 2201 1217 2247 verecundis
1248 2204 1450 2250 manibus

75 2275 115 2310 et
141 2264 340 2312 confovet
361 2277 590 2312 aestuantes
608 2304 619 2323 ‚
644 2278 685 2313 et
711 2267 863 2313 laudat
887 2269 962 2313 tali
986 2270 1176 2316 remedio
1206 2289 1293 2318 non
1317 2291 1448 2334 egen-

79 2347 151 2382 tes.
173 2357 194 2377 »
213 2336 402 2382 Multum
429 2337 619 2383 delector
644 2338 991 2401 eloquentissima
1016 2341 1195 2387 veritate
1224 2360 1234 2387 :
1270 2344 1343 2389 sed
1364 2345 1450 2390 ob-

76 2424 194 2452 secro
221 2418 262 2453 te
277 2445 289 2465 ,
316 2426 471 2472 nempe
498 2409 608 2454 sicut
634 2409 740 2454 dicis
759 2447 769 2465 ,
795 2420 836 2454 et
860 2409 1132 2457 disertissime
1155 2430 1202 2458 ac
1237 2416 1450 2461 verissime

76 2476 202 2535 dicis,
227 2490 456 2543 propterea
482 2480 747 2525 continentes
770 2479 920 2526 laudat
943 2481 1157 2544 pudicitia
1179 2485 1417 2545 conjugalis
1433 2522 1445 2542 ,

124 2576 134 2598 ¹
158 2587 172 2606 1
190 2578 263 2608 Cor.
278 2588 337 2615 vit,
358 2579 388 2609 6.
404 2596 448 2602 —
472 2576 487 2598 2
508 2578 577 2612 Lib.
603 2580 641 2611 de
666 2581 754 2612 Isaac
767 2584 798 2611 et
813 2579 939 2619 Anima,
957 2590 1027 2624 cap.
1052 2591 1081 2616 1.
1099 2581 1215 2614 cit-itur
1228 2592 1321 2625 supra
1339 2583 1393 2615 lib.
1411 2594 1445 2614 2.

77 2643 145 2676 cap.
167 2633 196 2663 5.
210 2650 252 2656 —
270 2629 284 2656 3
302 2630 418 2666 Manli.
441 2645 485 2675 vx,
509 2646 518 2664 1
532 2636 561 2668 3.
