1843 3190
339 245 399 293 38
761 262 796 291 s.
838 259 1083 291 Aususrrm
1116 259 1323 291 EPISCOPI

397 335 444 367 αι
467 327 693 368 caruerint
723 326 847 367 omm‘
867 336 1055 382 peceato.
1092 325 1152 367 In
1187 324 1278 382 fine
1296 324 1468 382 profert
1493 325 1713 383 Cypriani

394 406 434 436 et
454 396 684 437 Ambrosii
707 395 956 435 testi-monia
975 408 1056 448 pro
1083 393 1297 434 catholiea
1312 393 1641 449 fide‚quoedam
1662 393 1714 434 dc

395 463 612 520 originali
627 473 822 518 peccalo,
841 462 932 502 alia
958 461 1008 501 dc
1028 462 1187 517 gratiae
1209 462 1454 517 adjutorio,
1479 461 1638 502 ultima
1661 462 1713 502 dc

387 531 819 588 proesentiSjustitioe
847 527 1195 586 imperfectione.

397 673 434 719 Ι.
464 672 585 719 ΡοεΤ
607 672 706 718 haec
729 689 828 737 quae
854 673 1139 718 tractavimus
1159 710 1169 725 ,
1199 673 1448 735 quibusque
1478 669 1711 734 respondi-

337 758 459 799 mus,
483 741 632 788 eadem
657 753 887 806 repetunt,
916 760 1104 805 quorum
1131 742 1431 802 redarguimus
1456 741 1713 805 epistolamg

339 811 413 857 sed
435 811 603 858 diverso
621 812 766 860 modo.
799 813 910 858 Nam
929 813 1051 876 prius
1071 830 1120 858 ea
1136 822 1463 876 proposuerunt
1479 811 1607 857 nobis
1632 811 1718 855 ob-

331 881 529 941 jicientes
546 918 559 939 ,
584 899 684 945 quae
717 882 837 928 velut
866 900 1098 946 perperam
1137 884 1371 928 sentiamus
1394 900 1405 927 :
1444 892 1594 945 postea
1617 898 1719 927 vero

336 951 446 1015 quid
475 952 559 1015 ipsi
581 952 768 998 sentiant
792 964 1050 1016 exponentes
1066 991 1078 1010 ,
1109 952 1259 1007 eadem
1281 971 1303 1000 a
1327 952 1546 999 contrario
1566 950 1720 997 reddi-

336 1022 519 1077 derunt3
541 1022 747 1069 addentes
766 1023 855 1069 duo
873 1023 1077 1086 quaedam
1095 1040 1196 1087 quae
1214 1040 1304 1069 non
1322 1022 1540 1077 dixerant,
1562 1021 1608 1067 id
1626 1031 1687 1067 est
1705 1039 1718 1066 :

337 1114 359 1135 «
378 1093 651 1156 Baptismum
679 1110 720 1139 se
752 1093 895 1139 dicere
930 1094 1136 1140 omnibus
1166 1094 1369 1140 aetatibus
1404 1091 1718 1145 necessarit11n3

340 1174 381 1209 et
405 1181 416 1208 ι
441 1165 524 1209 Per
548 1163 688 1209 Adam
712 1176 894 1210 mortem
928 1165 982 1210 ad
1007 1182 1084 1210 nos
1117 1165 1342 1220 transisse,
1370 1181 1459 1209 non
1478 1163 1674 1209 crimina.
1699 1183 1720 1203 >³

339 1234 450 1289 Quae
470 1249 548 1278 suo
567 1233 665 1278 loco
690 1244 731 1279 et
749 1235 844 1297 ipsa
867 1234 1094 1280 tractanda
1114 1245 1229 1279 sunt.
1257 1233 1450 1279 Proinde
1464 1233 1565 1295 quia
1594 1248 1721 1295 supe-

339 1304 452 1349 riore
469 1303 583 1349 libro
601 1340 612 1359 ‚
635 1321 763 1367 quem
778 1305 910 1350 modo
925 1305 1235 1367 explicavimus
1248 1342 1259 1360 ‚
1282 1305 1476 1368 quinque
1494 1320 1639 1349 rerum
1653 1319 1723 1348 eos

339 1372 580 1418 obtendere
600 1373 827 1420 obstacula
847 1375 1034 1420 diximus
1052 1412 1062 1431 ‚
1090 1376 1135 1420 in
1153 1375 1314 1438 quibus
1337 1391 1486 1420 eorum
1517 1373 1722 1433 dogmata

338 1443 515 1489 inimica
540 1445 691 1503 gratiae
717 1446 799 1490 Dei
819 1457 860 1490 et
884 1445 1118 1490 catholicas
1143 1445 1247 1490 fidei
1274 1445 1559 1500 delitescant,
1593 1443 1723 1489 laude

337 1512 501 1558 scilicet
524 1525 759 1567 creaturae,
783 1515 916 1561 laude
942 1516 1198 1579 nuptiarum
1220 1553 1231 1571 ,
1271 1514 1401 1561 laude
1430 1514 1533 1574 legis
1553 1552 1563 1571 ‚
1591 1513 1723 1560 laude

338 1583 466 1629 liberi
486 1584 682 1638 arbitrii,
717 1585 847 1631 laude
876 1597 1124 1631 sanctorum
1148 1604 1158 1630 :
1185 1584 1458 1631 commodius
1486 1602 1573 1631 esse
1603 1585 1724 1630 arbi-

339 1663 456 1709 tror,
491 1655 636 1700 omnia
668 1673 768 1719 quae
805 1656 1075 1712 defendunt,
1117 1674 1304 1720 quorum
1347 1656 1563 1701 contraria
1597 1655 1725 1700 nobis

340 1724 585 1783 objiciunt,
628 1728 863 1786 generatim
901 1727 1164 1788 distinguere
1180 1765 1190 1783 ‚
1231 1738 1272 1772 et
1308 1743 1409 1791 quae
1448 1726 1625 1772 illorum
1667 1725 1724 1771 ad

343 1794 451 1856 quid
469 1795 650 1841 istorum
668 1798 862 1861 quinque
879 1798 1125 1861 pertineant
1145 1798 1440 1843 demonstrare
1458 1833 1468 1852 ‚
1497 1807 1545 1842 ut
1569 1796 1726 1842 diluci-

343 1863 440 1909 dior
459 1874 512 1942 ‚et
545 1864 720 1913 brevior
742 1867 838 1930 ipsa
867 1868 1145 1914 distinctione
1178 1867 1316 1932 possit
1344 1883 1430 1913 esse
1462 1877 1609 1913 nostra
1634 1883 1726 1913 res-

342 1950 515 1997 ponsxo.

410 2004 472 2052 ΙΙ.
508 2019 522 2048 1
534 2014 551 2033 ⁰
565 2003 760 2052 Laudem
780 2018 991 2054 creaturae
1003 2046 1014 2065 ‚
1031 2008 1152 2073 quod
1167 2009 1220 2055 ad
1239 2025 1372 2069 genus
1394 2009 1640 2055 humanum
1657 2019 1726 2054 at-

344 2074 472 2133 tinet,
490 2075 606 2121 unde
621 2093 740 2123 nunc
765 2080 946 2141 quaestio
967 2090 1028 2125 est
1046 2118 1057 2137 ‚
1077 2080 1147 2126 his
1172 2080 1394 2125 sententiis
1419 2089 1690 2143 exequuntur
1712 2097 1723 2124 :

344 2166 366 2188 α
391 2145 524 2202 Quod
540 2149 811 2194 nascentium
829 2150 1031 2196 conditor
1056 2153 1173 2197 Deus
1197 2151 1251 2196 sit
1268 2188 1280 2208 ,
1306 2150 1472 2215 filiique
1493 2150 1726 2196 hominum

345 2232 456 2279 opus
479 2216 565 2261 sint
589 2217 696 2271 Dei;
723 2229 764 2264 et
787 2231 1019 2283 peccatum
1041 2238 1168 2267 omne
1193 2239 1283 2267 non
1301 2221 1353 2267 de
1371 2231 1553 2277 natura,
1576 2220 1649 2266 sed
1674 2220 1728 2266 de

345 2285 569 2331 voluntate
593 2286 838 2336 descendat.
867 2311 887 2331 ³>
913 2292 1028 2337 Huic
1059 2291 1182 2338 laudi
1215 2302 1426 2337 creaturae
1463 2291 1724 2354 applicant:

346 2375 367 2397 «
387 2355 521 2415 Quod
547 2357 751 2404 omnibus
774 2360 977 2406 aetatibus
1002 2361 1158 2408 dicunt
1177 2379 1262 2407 esse
1283 2362 1554 2425 baptismum
1578 2377 1729 2406 neces-

345 2425 505 2471 sarium
523 2463 535 2482 ‚
557 2436 605 2472 ut
625 2447 645 2467 ›>
669 2427 833 2476 scilicet
853 2451 872 2472 α
896 2430 978 2476 Illa
999 2442 1195 2477 creatura
1220 2432 1266 2477 in
1297 2431 1377 2477 Dei
1401 2431 1513 2476 filios
1540 2431 1729 2494 adopte-

347 2506 420 2542 tur
437 2533 449 2553 ,
471 2514 562 2542 non
578 2497 697 2561 quod
716 2498 881 2564 aliquid
906 2519 953 2547 ex
971 2503 1229 2566 parentibus
1247 2502 1395 2548 trahat
1412 2539 1422 2558 ‚
1443 2501 1565 2566 quod
1590 2503 1644 2547 sit
1658 2501 1728 2547 la-

351 2583 484 2613 vacro
502 2570 834 2628 regenerationis
852 2573 1132 2637 expiandum.
1151 2595 1173 2617 »
1190 2573 1306 2621 Huic
1321 2571 1443 2619 laudi
1460 2571 1723 2633 adiungunt,
