1843 3190
304 242 397 298 346
725 255 761 286 s.
803 253 1052 285 mensum
1086 251 1290 286 Emscorl

305 322 472 379 credaS,
487 321 565 386 qui
581 332 622 367 te
636 320 754 368 credi
767 337 856 365 non
871 319 936 365 vis
951 336 1001 365 eo
1011 319 1098 365 frui
1111 319 1220 366 velle
1232 318 1351 382 quod
1367 318 1532 366 laudas,
1557 319 1678 375 Quo-

306 392 437 438 modo
463 392 570 438 casti
592 409 679 437 esse
696 407 784 435 non
804 400 986 452 possunt
1002 389 1169 435 inimici
1186 389 1399 444 libidinis,
1425 388 1459 434 si
1475 389 1581 434 casti
1593 405 1680 434 esse

304 473 487 527 possunt
509 473 550 507 et
568 466 659 522 ejus
681 460 840 507 amici?
860 459 990 517 Quod
1010 477 1111 520 ergo
1131 469 1332 519 negantes
1353 458 1557 518 originale
1580 475 1682 521 pec-

306 543 477 588 catum,
504 542 547 578 et
579 530 820 577 invidentes
843 529 1038 593 parvulis
1067 529 1323 576 salvatorem
1355 529 1521 585 Jesum,
1545 529 1682 589 legem

307 602 476 666 peccati
513 611 798 665 repugantem
821 600 904 660 legi
938 600 1093 646 mentis
1131 599 1405 645 introducere
1422 598 1556 646 vultis
1576 598 1684 644 etin

308 673 561 737 paradisum
595 683 692 717 ante
715 682 946 736 peccatum
963 709 973 728 ‚
996 671 1083 717 hoc
1109 671 1154 716 in
1172 671 1297 717 vobis
1314 670 1396 716 isto
1419 686 1548 734 opere
1573 686 1684 715 con-

308 744 515 789 futamus.
544 744 706 788 Eorum
729 758 828 805 quae
856 759 946 787 non
963 741 1160 788 videmus
1184 741 1228 786 in
1247 741 1373 787 vobis
1386 758 1464 786 nec
1484 740 1686 786 audimus

309 831 357 859 ex
370 814 512 869 vobis,
533 813 736 859 nolumus
749 830 835 858 esse
841 812 1011 873 judices
1029 829 1040 857 z
1058 811 1171 857 nihil
1188 821 1333 857 nostra
1364 812 1556 869 interest,
1577 810 1686 875 quid

310 882 357 928 in
379 882 552 929 occulto
572 893 700 943 agant
724 884 859 946 aperti
879 881 1077 928 libidinis
1098 880 1356 929 laudatores,

376 953 541 999 XXXI.
569 952 682 998 Cum
695 970 797 999 vero
817 952 909 998 aliis
923 952 1067 998 verbis
1084 951 1191 997 meis
1203 947 1461 1015 propositis-⁵,
1473 951 1591 998 illam
1602 949 1688 998 dis-

311 1023 565 1069 tinctionem
589 1040 755 1081 meam,
787 1041 921 1087 quam
958 1023 1012 1068 de
1044 1022 1211 1086 nuptiis
1253 1033 1296 1068 et
1335 1021 1688 1086 concupiscentia

312 1095 511 1159 priorum
535 1094 770 1141 hominum
809 1095 963 1158 posui,
994 1092 1178 1140 dicensffi
1216 1112 1273 1139 z«
1304 1092 1438 1151 Quod
1476 1093 1590 1139 enim
1624 1091 1689 1138 illi

314 1175 464 1227 postea
485 1165 797 1227 propagatione
819 1165 1031 1221 fecerunt,
1054 1164 1139 1210 hoc
1163 1174 1223 1210 est
1250 1163 1460 1210 connubii
1490 1164 1686 1215 bonum3

314 1235 434 1297 quod
460 1252 560 1281 vero
587 1235 709 1297 prius
734 1234 987 1281 confusione
1013 1245 1232 1291 texerunt,
1267 1234 1354 1281 hoc
1373 1245 1435 1280 est
1453 1233 1690 1296 concupis-

314 1305 468 1350 centiae
492 1304 655 1350 malum
680 1322 690 1350 :
709 1305 768 1350 sic
787 1304 1065 1363 refellendam
1080 1305 1260 1368 putasti,
1282 1315 1330 1350 ut
1348 1304 1510 1350 diceres
1531 1321 1542 1348 :
1560 1325 1580 1345 «
1597 1302 1691 1348 fieri

315 1392 403 1420 non
426 1392 567 1438 posse,
595 1386 644 1420 ut
673 1375 792 1438 quod
816 1376 984 1421 bonum
1016 1387 1078 1421 est
1114 1393 1203 1423 non
1225 1375 1388 1421 habeat
1416 1391 1690 1421 communem

314 1461 417 1491 cum
444 1462 494 1490 eo
511 1445 705 1497 laudem,
738 1446 828 1491 sine
861 1463 949 1510 quo
981 1463 1067 1492 esse
1095 1463 1184 1492 non
1214 1456 1382 1510 potest3
1407 1467 1427 1487 »
1454 1446 1515 1491 ita
1546 1444 1692 1491 volens

315 1531 445 1561 unam
476 1515 758 1579 eamdemque
787 1516 962 1562 laudem
994 1517 1161 1581 nuptiis
1186 1529 1227 1563 et
1257 1517 1432 1563 libidini
1451 1532 1537 1562 esse
1566 1532 1692 1562 com-

314 1602 487 1631 munem
506 1604 516 1631 ε
537 1586 758 1649 quomodo
776 1599 952 1633 corruat
969 1587 1050 1633 ista
1069 1599 1142 1634 tua
1157 1588 1276 1635 velut
1289 1587 1511 1634 definitiva
1526 1596 1693 1633 senten-

317 1657 392 1712 tia,
410 1657 631 1720 paulisper
652 1658 837 1706 attende.
864 1658 1062 1705 Primum
1079 1695 1090 1716 ,
1118 1659 1240 1723 quod
1273 1659 1528 1706 universitas
1549 1673 1692 1703 rerum

316 1743 449 1789 quam
473 1727 673 1774 condidit
691 1729 824 1785 Deus,
846 1746 933 1774 non
953 1740 1095 1792 potest
1119 1747 1206 1776 esse
1221 1730 1312 1775 sine
1334 1729 1475 1785 malis,
1495 1745 1575 1774 nec
1595 1728 1692 1774 ideo

316 1807 457 1842 tamen
497 1797 609 1844 mala
645 1815 922 1845 communem
963 1799 1135 1846 laudem
1169 1810 1353 1863 possunt
1390 1799 1555 1845 habere
1593 1815 1694 1845 cum

315 1865 457 1912 bonis.
482 1887 502 1906 «
527 1867 694 1913 Deinde
718 1868 751 1913 si
771 1869 862 1914 fieri
887 1887 975 1915 non
1006 1879 1165 1933 potest,
1205 1880 1254 1915 ut
1287 1869 1410 1933 quod
1444 1870 1613 1915 bonum
1633 1879 1695 1915 est

316 1953 404 1982 non
431 1936 595 1982 habeat
618 1954 894 1984 communem
935 1957 1036 1985 cum
1059 1957 1109 1986 eo
1131 1939 1302 1986 laudem
1318 1974 1330 1996 ,
1370 1939 1461 1985 sine
1494 1955 1583 2002 quo
1608 1955 1694 1984 esse

315 2024 403 2058 non
426 2018 598 2070 potest3
625 2030 645 2050 »
669 2010 866 2071 profecto
885 2020 926 2055 et
947 2010 1066 2074 quod
1087 2011 1253 2059 malum
1277 2020 1356 2066 est,
1386 2009 1479 2056 fieri
1502 2026 1590 2055 non
1615 2025 1694 2072 po-

316 2087 413 2133 test,
443 2088 493 2123 ut
514 2095 602 2124 non
624 2078 786 2124 habeat
802 2097 1081 2126 communem
1101 2099 1204 2129 cum
1221 2098 1272 2127 eo
1297 2080 1662 2143 vituperationem
1679 2114 1690 2135 ‚

314 2148 402 2200 sine
427 2164 515 2210 quo
539 2165 626 2194 esse
647 2165 737 2194 non
758 2160 914 2212 potest.
945 2151 1250 2215 Vituperemus
1272 2151 1406 2211 igitur
1439 2166 1572 2214 opera
1594 2149 1691 2206 Dei,

315 2217 428 2263 sicut
457 2217 755 2281 vituperamus
776 2220 890 2266 mala
916 2238 1016 2285 quae
1039 2222 1129 2268 sine
1146 2222 1230 2268 illis
1246 2238 1332 2267 esse
1375 2238 1464 2266 non
1491 2230 1688 2284 possunt.

317 2288 500 2333 Nullum
537 2289 652 2335 enim
687 2290 850 2337 malum
887 2303 951 2338 est
974 2293 1057 2339 nisi
1081 2293 1128 2339 in
1150 2293 1298 2356 aliquo
1333 2309 1463 2356 opere
1487 2291 1587 2347 Dei,
1614 2307 1695 2336 nec

316 2359 406 2404 sine
430 2358 505 2404 illo
529 2376 615 2405 esse
632 2361 809 2408 omnino
837 2363 1000 2409 alicubi
1010 2373 1166 2427 potest.
1199 2364 1412 2426 vitupera
1435 2378 1536 2422 ergo
1556 2399 1569 2419 ‚
1586 2372 1637 2408 ut
1649 2371 1691 2407 te

315 2445 405 2475 non
432 2428 604 2489 longius
643 2431 830 2488 mittam,
854 2434 1052 2480 membra
1082 2434 1294 2490 humana,
1321 2432 1437 2480 sicut
1471 2432 1694 2497 vituperas

314 2499 542 2557 adulteria,
561 2516 661 2564 quae
688 2502 777 2554 sine
793 2503 877 2553 illis
891 2505 1098 2556 membris
1121 2522 1207 2557 esse
1220 2522 1310 2553 non
1328 2514 1528 2577 possunt.
1560 2503 1694 2568 Quod

363 2581 374 2603 ¹
395 2581 467 2615 Lib.
488 2594 518 2617 1.
535 2583 575 2615 de
593 2585 693 2628 Nupt.
715 2590 747 2617 et
763 2586 863 2620 Cone.
878 2597 947 2630 cap.
972 2600 1005 2628 7.
