1843 3190
262 238 354 299 1472
684 254 717 281 S·
764 253 1007 282 AL'GIJSTINI
1046 252 1246 282 Episcopi

262 320 434 379 gratiae,
463 317 508 363 id
534 328 621 373 est,
658 328 706 363 ut
733 318 861 363 etiam
898 318 990 380 ipse
1026 328 1305 362 convertatur
1336 316 1392 363 ad
1428 334 1519 364 nos.
1552 317 1641 363 Ubi

263 399 443 452 possunt
467 398 623 451 putare
662 388 882 448 Pelagiani
907 405 1028 433 suam
1046 388 1243 433 obtinere
1261 388 1532 440 sententiam,
1555 405 1642 450 qua

266 459 436 513 dicunt.
462 458 642 517 gratiam
658 459 738 504 Dei
756 458 995 503 secundum
1021 459 1174 503 merita
1198 470 1345 503 nostra
1371 458 1480 505 dari.
1512 457 1645 514 Quod

269 528 443 592 quidem
464 529 507 573 in
529 528 725 584 Oriente,
764 529 851 574 hoc
884 539 962 584 est,
996 529 1041 573 in
1067 529 1293 592 provincia
1321 528 1548 574 Palaestina
1566 565 1576 584 ‚
1600 528 1648 573 in

266 616 352 662 qua
373 608 434 643 est
452 599 602 643 civitas
624 598 881 653 Jerusalem,
910 615 1011 644 cum
1031 599 1123 662 ipse
1141 598 1337 658 Pelagius
1361 598 1377 627 ¹
1399 599 1455 644 ab
1475 599 1648 662 episco-

268 669 336 731 pis
358 668 596 723 audiretur,
628 669 837 714 affirmare
853 687 941 714 non
967 685 1094 714 ausus
1117 680 1191 715 est.
1224 670 1334 714 ‘Nam
1358 669 1470 714 inter
1494 680 1651 715 caetera

270 755 369 800 quae
392 739 453 783 illi
479 739 647 796 objecta
668 749 785 793 sunt,
817 749 858 783 et
889 739 978 783 hoc
1000 739 1227 797 objectum
1247 750 1308 783 est
1331 738 1449 801 quod
1468 738 1648 792 diceret,

271 808 453 868 gratiam
474 809 551 853 Dei
575 808 812 853 secundum
844 808 997 852 merita
1015 817 1160 852 nostra
1186 807 1305 852 dari:
1327 808 1447 870 quod
1462 808 1521 853 sic
1547 807 1653 852 alie-

269 899 373 927 num
392 891 453 926 est
475 899 496 926 a
511 880 729 926 catholica
750 880 951 925 doctrina
972 891 1013 925 et
1039 880 1266 926 inimicum
1287 881 1438 940 gratiae
1467 880 1652 936 Christi,

272 952 403 997 utnisi
427 951 514 996 hoc
538 952 761 1010 obJectum
789 951 873 996 sibi
901 950 1240 1006 anathemasset,
1260 950 1352 1014 ipse
1372 951 1470 997 inde
1484 951 1659 996 anathe-

270 1032 412 1067 matus
434 1023 594 1066 exisset.
625 1020 709 1066 Sed
725 1020 938 1066 fallaciter
968 1037 1065 1065 eum
1095 1021 1405 1076 anathemasse,
1443 1021 1658 1084 posterio-

271 1110 335 1138 res
352 1096 443 1150 ejus
463 1091 658 1137 iudicant
679 1091 807 1147 libri,
831 1092 876 1136 in
902 1092 1064 1154 quibus
1088 1092 1268 1136 omnino
1294 1091 1407 1137 nihil
1433 1090 1550 1137 aliud
1579 1091 1660 1136 de-

274 1162 414 1209 fendit
451 1179 582 1225 quam
619 1162 801 1222 gratiam
826 1162 906 1207 Dei
933 1161 1174 1207 secuudum
1201 1162 1353 1207 merita
1376 1158 1521 1208 nostra
1546 1161 1656 1208 dari.

280 1233 402 1278 Talia
425 1250 523 1292 ergo
550 1233 603 1278 de
639 1233 878 1295 Scripturis
907 1232 1143 1293 colligunt,
1171 1233 1304 1297 quale
1333 1245 1395 1279 est
1414 1234 1502 1279 hoc
1528 1250 1661 1278 unum

281 1304 398 1367 quod
415 1303 547 1366 paulo
564 1314 661 1349 ante
683 1303 796 1348 dixi:
820 1325 837 1343 α
863 1304 1180 1349 Convertimini
1201 1303 1254 1348 ad
1273 1321 1358 1360 me,
1377 1315 1419 1349 et
1435 1314 1666 1349 convertar

281 1396 300 1415 >³
318 1373 371 1419 ad
388 1391 462 1420 vos
484 1391 494 1418 :
520 1397 538 1413 »
564 1383 613 1419 ut
636 1373 875 1419 secundum
904 1374 1103 1419 meritum
1124 1374 1418 1419 conversionis
1432 1384 1592 1419 nostrae
1612 1372 1666 1418 ad

288 1445 441 1498 Deum,
465 1443 593 1489 detur
617 1444 752 1504 gratia
776 1447 882 1504 ejus.
905 1444 950 1489 in
973 1462 1058 1508 qua
1087 1443 1141 1488 ad
1162 1462 1239 1489 nos
1259 1455 1300 1490 et
1329 1445 1421 1508 ipse
1446 1442 1668 1490 converti-

281 1525 365 1560 tur.
397 1515 487 1559 Nec
513 1514 744 1559 attendunt
771 1514 847 1577 qui
871 1514 957 1559 hoc
990 1514 1204 1569 sentiunt,
1231 1515 1334 1578 quia
1375 1514 1456 1560 nisi
1504 1514 1670 1559 donum

278 1585 360 1630 Dei
384 1595 489 1630 esset
508 1585 638 1630 etiam
665 1585 758 1648 ipsa
784 1584 838 1629 ad
856 1586 994 1630 Deum
1013 1596 1157 1630 nostra
1172 1586 1412 1642 conversio,
1436 1602 1525 1630 non
1546 1584 1583 1629 ei
1599 1583 1672 1629 di-

286 1664 456 1699 ceretur
478 1673 488 1698 :
524 1676 542 1695 «
566 1655 679 1700 Deus
719 1655 952 1711 virtutum,
977 1666 1180 1700 converte
1204 1656 1314 1700 nos?
1343 1673 1354 1700 :
1377 1666 1443 1709 et,
1475 1656 1590 1699 Deus
1625 1663 1674 1698 tu

287 1747 308 1765 »
327 1735 579 1770 convertens
602 1725 814 1770 vivicabis
836 1742 911 1770 nos
933 1743 943 1770 :
965 1736 1023 1781 et,
1048 1727 1263 1771 Converte
1285 1743 1362 1771 nos
1378 1727 1494 1770 Deus
1512 1724 1675 1769 sanita-

290 1818 309 1836 »
325 1806 461 1840 tatum
481 1795 750 1840 nostrarum3
777 1813 787 1839 t
812 1818 829 1836 ›>
845 1807 885 1841 et
903 1795 1159 1856 hujusmodi
1180 1797 1279 1852 alia,
1299 1813 1398 1860 quae
1412 1811 1676 1841 commemo-

292 1883 385 1911 rare
404 1865 582 1924 longum
620 1876 694 1912 est.
739 1867 849 1911 Nam
890 1877 931 1911 ct
951 1867 1096 1912 venire
1115 1867 1168 1912 ad
1206 1867 1453 1921 Christum,
1481 1866 1588 1931 quid
1617 1875 1678 1911 est

293 1935 410 1980 aliud
450 1936 529 1980 nisi
569 1935 622 1981 ad
665 1953 763 1982 eum
798 1937 1016 1982 credendo
1050 1938 1283 1983 converti?
1312 1939 1368 1982 Et
1406 1948 1550 1983 tamen
1577 1937 1676 1982 ait:

293 2027 313 2046 «
342 2007 478 2050 Nemo
514 2016 651 2069 potest
673 2007 820 2053 venire
855 2006 909 2052 ad
932 2024 1017 2062 me,
1044 2007 1126 2052 nisi
1148 2008 1300 2053 datum
1325 2007 1457 2054 fuerit
1478 2009 1516 2053 ei
1542 2026 1565 2053 a
1594 2009 1681 2053 Pa-

297 2098 318 2118 »
345 2086 407 2120 tre
429 2093 522 2120 meo
542 2076 574 2123 4.
603 2098 623 2117 ›>

358 2146 435 2190 Xl.
471 2147 579 2191 Item
602 2146 722 2210 quod
762 2148 975 2211 scriptum
998 2158 1060 2192 est
1084 2147 1128 2192 iu
1154 2147 1269 2193 libro
1296 2148 1491 2195 secundo
1513 2147 1682 2193 Parali-

296 2233 516 2278 pomenon
543 2234 552 2261 :
581 2238 601 2258 «
623 2218 840 2264 Dominus
857 2218 1107 2273 vobiscum,
1136 2235 1235 2263 cum
1262 2236 1336 2264 vos
1359 2220 1457 2265 estis
1486 2236 1587 2264 cum
1613 2235 1681 2271 eo,

299 2307 318 2327 ›>
340 2297 382 2331 et
404 2287 437 2331 si
467 2287 723 2349 quaesieritis
761 2306 858 2335 eum
881 2326 891 2344 ‚
917 2289 1173 2342 invenietis3
1203 2289 1236 2335 si
1257 2300 1401 2336 autem
1426 2289 1686 2353 reliqueritis

300 2377 322 2397 »
339 2373 456 2413 eum,
479 2356 749 2422 derelinquet
776 2378 851 2406 vos
867 2360 909 2405 5:
933 2382 952 2401 ›>
972 2359 1217 2405 manifestat
1241 2361 1420 2423 quidem
1452 2360 1689 2407 voluntatis

299 2427 544 2474 arbitrium.
592 2428 677 2474 Sed
705 2429 767 2476 illi
802 2431 879 2494 qui
917 2430 1073 2477 dicunt
1112 2431 1295 2490 gratiam
1337 2433 1414 2478 Dei
1447 2431 1689 2478 secundum

348 2525 463 2578 {Vide
483 2526 537 2558 lib.
557 2526 596 2558 de
609 2528 701 2570 gestis
715 2527 818 2571 pelag.
841 2540 912 2572 cap.
936 2536 987 2567 14.
1001 2547 1047 2553 -—
1067 2528 1083 2551 2
1112 2531 1193 2563 Psat.
1212 2543 1324 2570 mxxix,
1345 2533 1376 2565 8.
1394 2549 1441 2556 —
1454 2530 1469 2555 3
1484 2531 1688 2575 Id.1,xxx1v‚

307 2593 322 2620 7
339 2587 369 2613 et
388 2582 417 2613 5.
434 2580 507 2606 ——4
525 2585 621 2617 Joan.
637 2595 683 2622 vx,
701 2585 812 2616 66.-
830 2583 843 2607 5
865 2597 882 2616 2
904 2584 1006 2617 Paral·
1027 2596 1083 2624 xv,
1107 2597 1136 2617 2.
