1843 3190
227 312 401 345 CONTRA
434 310 660 344 JULIANUM
695 310 1001 352 PELAGIANUM,
1039 309 1128 341 LIB.
1168 309 1238 342 LK.
1313 307 1402 357 297

34 403 56 425 ))
71 382 154 428 bus
171 379 318 426 bestiis
334 389 460 425 terrae
474 415 485 435 ,
516 388 558 423 et
580 376 784 423 omnibus
805 376 1056 423 volatilibus
1076 374 1179 422 coeli
1193 411 1205 431 ‚
1230 384 1273 420 et
1289 373 1409 421 omni

34 472 55 494 »
74 450 260 514 serpenti
279 449 446 512 repenti
463 464 592 510 super
608 457 783 503 terram,
804 447 923 511 quod
940 447 1073 492 habet
1092 446 1138 491 in
1158 462 1200 491 se
1218 445 1409 490 animam

34 543 55 563 »
74 521 195 578 vitae3
223 531 265 566 et
288 536 414 565 omne
435 517 603 563 foenum
622 517 760 563 viride
772 517 817 563 in
829 534 970 563 escam
983 516 1019 572 1,
1046 537 1066 558 »
1089 533 1177 562 non
1201 515 1324 561 aliter
1341 531 1409 561 ac-

34 591 233 653 cipiunt,
261 589 343 635 nisi
366 588 469 651 quia
485 587 557 633 ille
577 597 757 650 uterque
780 604 900 633 sexus
922 587 993 632 his
1010 585 1223 632 alimentis
1246 585 1408 648 quibus

32 671 75 706 et
95 659 296 705 animalia
315 669 470 704 caetera
494 657 776 721 corporaliter
810 658 1034 712 utebatur,
1062 667 1103 702 et
1133 655 1328 700 habebat
1360 671 1408 700 ex

32 729 120 775 hoc
148 729 270 775 victu
289 727 628 774 sustentaculum
654 744 921 787 congruum,
948 726 1050 772 licet
1068 724 1199 771 modo
1220 723 1414 788 quodam

32 799 293 855 immortali,
317 809 461 844 tamen
486 797 662 843 animali
686 797 860 860 corpori
883 796 1166 843 necessarium
1185 832 1197 851 ,
1224 812 1277 840 ne
1297 793 1411 841 indi-

34 869 173 928 gentia
194 868 446 921 laederetur3
473 867 526 912 de
541 867 660 927 ligno
681 878 824 912 autem
848 867 972 923 vitae,
1000 884 1053 912 ne
1071 875 1286 911 senectute
1304 881 1411 928 per-

34 937 266 984 duceretur
296 938 351 983 ad
385 947 585 983 mortem.
613 936 697 982 Sed
721 936 841 982 nulla
866 937 1030 982 ratione
1054 934 1313 981 crediderim
1331 970 1343 990 ,
1366 933 1414 978 in

32 1008 108 1054 illo
141 1019 275 1054 tantae
307 1007 524 1053 felicitatis
552 1007 650 1052 loco
667 1044 679 1064 ,
706 1018 781 1053 aut
804 1024 976 1053 carnem
1006 1005 1308 1069 concupivisse
1331 1003 1415 1049 ad-

32 1094 180 1125 versus
214 1077 415 1141 spiritum
445 1087 487 1121 et
517 1076 720 1139 spiritum
749 1077 951 1124 adversus
986 1093 1184 1131 carnem,
1215 1085 1346 1136 atque
1369 1073 1415 1119 in

34 1148 114 1194 ista
135 1148 457 1194 conflictatione
472 1147 561 1192 sine
575 1146 745 1192 interna
769 1164 878 1210 pace
897 1147 1075 1200 vixisse3
1109 1156 1184 1190 aut
1214 1144 1417 1207 spiritum

35 1217 254 1264 desideriis
277 1235 366 1263 non
390 1233 649 1280 repugnasse
673 1217 922 1262 carnalibus
937 1253 948 1270 ,
984 1215 1058 1261 sed
1088 1213 1308 1279 quidquid
1330 1231 1418 1259 un-

35 1288 279 1351 decumque
300 1287 441 1334 libido
464 1298 723 1347 sugesserat‚
752 1287 873 1350 turpi
892 1287 1062 1333 servitio
1086 1285 1310 1350 peregisse.
1332 1285 1417 1330 Re-

34 1369 181 1405 manet
200 1359 351 1419 igitur,
375 1368 425 1404 ut
443 1368 519 1404 aut
542 1357 664 1404 nulla
684 1358 747 1404 ibi
762 1359 891 1404 fuerit
904 1357 1087 1404 carnalis
1102 1355 1416 1419 concupiscen-

36 1430 119 1486 tia,
148 1429 221 1475 sed
243 1429 316 1475 ille
338 1428 468 1474 fuerit
490 1428 666 1474 vivendi
697 1429 881 1485 modus,
921 1439 970 1475 ut
1000 1428 1146 1474 omnia
1181 1425 1420 1473 necessaria

37 1499 238 1559 congruis
267 1498 568 1544 membrorum
600 1498 752 1544 officiis
791 1499 880 1544 sine
913 1498 1041 1544 ullius
1071 1508 1193 1544 motu
1221 1495 1418 1542 libidinis

35 1568 340 1633 implerentur,
368 1569 484 1632 (non
502 1568 616 1614 enim
635 1569 739 1633 quia
762 1579 876 1615 terra
890 1586 981 1614 non
1003 1567 1188 1614 libidine
1206 1604 1218 1623 ,
1239 1565 1313 1612 sed
1334 1582 1417 1612 vo-

36 1639 202 1686 lnntate
221 1639 349 1685 motis
369 1637 657 1698 agricolarum
681 1639 884 1685 manibus
911 1639 1164 1694 seminatur,
1194 1636 1293 1682 ideo
1318 1651 1417 1681 suos

38 1709 271 1772 pariendos
297 1725 386 1754 non
416 1707 610 1771 concipit
636 1707 800 1754 foetus:
827 1709 842 1770 )
871 1719 970 1764 aut,
991 1726 1044 1755 ne
1063 1707 1248 1753 nimium
1267 1704 1420 1752 videa-

39 1795 139 1824 mur
161 1779 375 1825 offendere
393 1779 591 1824 homines
606 1816 618 1836 ,
641 1780 718 1842 qui
736 1779 1008 1842 voluptatem
1027 1777 1222 1842 corporis
1238 1792 1422 1841 quomo-

41 1867 230 1913 cumque
254 1849 494 1896 defendunt
511 1886 523 1906 ,
549 1850 609 1895 ita
635 1850 700 1896 ibi
723 1850 925 1896 credatur
949 1849 1190 1896 carnalium
1217 1863 1420 1894 sensuum

39 1919 170 1966 fuisse
188 1919 418 1966 libidinem
432 1957 443 1976 ‚
470 1929 520 1965 ut
542 1919 661 1965 omni
679 1919 810 1965 modo
833 1919 1036 1965 rationali
1058 1918 1234 1964 subdita
1259 1917 1422 1964 volun-

42 1991 138 2046 tati,
155 2008 244 2036 non
264 1990 368 2036 alias
387 1989 552 2037 adesset
569 2027 580 2044 ‚
603 1990 685 2036 nisi
709 2007 810 2036 cum
835 2008 913 2054 per
931 1989 1051 2036 illam
1071 1988 1140 2035 vel
1164 1987 1293 2034 saluti
1312 1998 1420 2034 esset

42 2060 259 2123 corporiS‚
285 2060 355 2109 vel
387 2060 534 2124 stirpis
565 2061 800 2124 propagini
829 2059 1177 2114 consulendum3
1219 2068 1259 2104 et
1299 2067 1419 2103 tanta

43 2131 208 2176 adesset
222 2168 233 2188 ,
256 2142 305 2177 ut
326 2131 448 2177 nulla
465 2149 513 2177 ex
533 2142 656 2194 parte
675 2142 862 2177 mentem
880 2131 934 2176 de
953 2145 1239 2193 supernarum
1258 2128 1420 2187 cogita-

43 2201 212 2246 tionum
242 2200 523 2247 delectatione
554 2201 814 2264 deponeret,
843 2200 988 2246 nullus
1012 2215 1307 2262 supervacuus
1335 2198 1424 2244 sive

42 2271 321 2334 importunus
344 2282 488 2316 motus
510 2282 616 2316 esset
636 2288 684 2316 ex
705 2270 778 2317 illa
793 2307 804 2326 ,
828 2270 942 2316 nihil
959 2270 1041 2315 nisi
1065 2268 1185 2332 quod
1203 2267 1426 2333 prodesset

43 2342 163 2387 fieret
181 2341 397 2405 perillam
418 2340 531 2387 nihil
552 2341 731 2386 omnino
749 2343 868 2386 fieret
887 2351 1070 2403 propter
1089 2339 1224 2386 illam.

108 2412 245 2459 LXX.
287 2413 416 2458 Nunc
433 2427 532 2457 vero
550 2428 685 2476 quam
703 2428 746 2457 se
766 2411 889 2457 aliter
908 2411 1087 2465 habeat,
1110 2409 1187 2472 qui
1213 2407 1428 2454 dimicant

45 2482 248 2530 adversus
271 2499 366 2528 eam
381 2519 393 2539 ‚
412 2482 666 2533 hi'maxime
690 2481 896 2528 sentiunt.
928 2480 1090 2541 Ingerit
1115 2497 1157 2525 se
1176 2477 1429 2526 videntibus

44 2553 111 2601 vel
129 2552 407 2599 audientibus
428 2552 821 2617 aliquid‚quamvis
844 2561 1028 2617 propter
1051 2549 1172 2598 aliud
1195 2548 1429 2597 videantet

94 2635 107 2661 ¹
127 2638 212 2670 Gen.
232 2647 264 2682 1,
286 2647 343 2679 29.
