1843 3190
327 241 418 288 352
745 252 780 281 s.
822 250 1067 281 AUGUSTINI
1100 249 1303 280 EPISCOPI

326 320 523 375 sidebat‚
556 316 755 382 quamvis
791 316 1008 375 ignoraret
1047 315 1205 370 Deum,
1246 314 1281 358 si
1313 311 1408 358 talis
1442 311 1526 358 fuit
1559 311 1699 375 qualis

326 390 608 455 praedicatur.
644 389 701 433 Et
734 403 823 431 non
854 385 919 431 vis
953 385 1190 445 intelligere
1219 400 1306 447 quo
1337 383 1397 429 ait
1431 382 1695 446 Apostolus:

328 482 349 502 «
366 462 425 506 Ut
443 460 550 505 sciat
569 456 867 520 unusquisque
893 466 1082 501 vestrum
1106 471 1232 500 suum
1252 470 1326 499 vas
1344 453 1582 517 possidere,
1612 469 1700 498 non

330 553 351 574 »
368 531 414 577 in
434 530 588 575 morbo
607 526 823 582 desiderii,
837 526 949 571 sicut
965 537 1125 586 gentes,
1142 542 1242 588 quae
1257 525 1459 585 ignorant
1476 522 1657 569 Deum1.
1681 544 1702 565 >2

394 600 600 647 XXXIX.
627 599 742 643 Bene
758 596 964 643 discernis
983 597 1093 642 inter
1111 596 1277 642 bonum
1293 595 1436 641 minus
1455 593 1699 654 conjugale,

331 682 373 717 et
396 671 564 716 bonum
599 667 786 730 amplius
825 667 1103 712 continentiae
1127 684 1137 710 :
1177 665 1251 711 sed
1280 676 1402 711 tuum
1427 664 1584 724 dogma
1615 680 1705 708 non

332 740 488 787 deseris
511 737 857 784 inimicissimum
888 736 1052 796 gratiae.
1095 736 1215 781 Dicis
1245 736 1361 781 enim
1381 752 1392 780 ε
1416 755 1436 776 «
1457 733 1590 790 Quod
1610 735 1705 777 Do-

331 831 352 852 »
373 809 514 855 minus
533 806 812 852 continentiae
844 805 1023 865 gloriam
1044 805 1243 850 libertate
1267 804 1485 850 electionis
1510 803 1704 849 honora-

333 901 354 923 »
371 879 481 926 verit
505 874 675 934 dicens,
703 897 723 917 «
744 876 831 932 Qui
864 885 1008 938 potest
1037 892 1191 938 capere
1225 874 1398 937 capiat2
1421 891 1432 918 z
1455 896 1475 915 »
1502 884 1707 936 tanquam

332 951 420 997 hoc
442 948 643 1012 capiatur
662 964 751 993 non
775 946 854 992 Dei
881 962 1057 992 munere
1074 982 1086 1003 ‚
1119 944 1192 991 sed
1216 944 1386 990 arbitrii
1408 943 1638 989 libertate:
1665 954 1708 988 et

335 1031 449 1067 taces
471 1019 593 1083 quod
615 1035 746 1081 supra
765 1016 929 1063 dixerat
949 1035 959 1062 z
985 1038 1006 1059 »
1027 1018 1127 1063 Non
1157 1033 1304 1062 omnes
1325 1015 1506 1079 capiunt
1523 1014 1708 1062 verbum

334 1111 356 1133 »
374 1091 462 1136 hoc
479 1127 491 1146 ‚
511 1089 584 1135 sed
604 1089 766 1152 quibus
789 1087 942 1133 datum
966 1087 1072 1134 est-⁹³.
1098 1108 1118 1129 υ
1142 1086 1251 1132 Vide
1283 1102 1384 1150 quae
1420 1095 1560 1131 taceas
1576 1122 1586 1140 ‚
1609 1101 1710 1147 quae

334 1160 467 1207 dicas.
497 1161 611 1204 Puto
633 1158 752 1221 quod
782 1169 819 1203 te
842 1168 1009 1221 pungat
1032 1157 1324 1203 conscientia:
1349 1155 1422 1202 sed
1453 1156 1587 1203 vincit
1614 1172 1709 1201 rec-

335 1242 427 1277 tum
449 1230 648 1275 timorem
667 1265 678 1285 ,
706 1246 808 1274 cum
827 1228 984 1288 ingerit
1006 1244 1256 1290 perversum
1279 1227 1511 1290 pudorem,
1533 1242 1711 1289 quoquo

334 1300 466 1346 modo
498 1303 591 1359 jam
627 1297 898 1343 defendenda
932 1297 1208 1361 praecipitata
1242 1297 1460 1342 sententia.
1493 1297 1527 1340 T
1534 1306 1711 1340 antum-

335 1440 437 1487 dare
464 1456 553 1486 non
581 1455 730 1484 cessas.
770 1439 859 1483 ‘Nec
892 1437 1100 1494 attendis,
1142 1438 1296 1494 sentis,
1322 1436 1524 1496 intelligis
1548 1435 1712 1482 malum

336 1528 420 1557 esse
435 1547 446 1565 ‚
474 1510 547 1555 cui
568 1526 621 1554 ne
644 1508 824 1554 limitem
842 1508 1103 1555 necessitatis
1124 1507 1300 1554 excedat
1315 1544 1326 1564 ‚
1353 1507 1526 1567 cogitur
1552 1517 1714 1570 tempe-

336 1581 477 1627 rantia
499 1595 754 1643 repugnare.

403 1653 495 1699 XL.
538 1650 748 1707 Quamvis
777 1660 850 1706 tu,
880 1649 1001 1712 quod
1038 1648 1209 1695 monuit
1246 1647 1512 1711 Apostolus:
1540 1667 1559 1688 «
1580 1647 1643 1693 Ne
1670 1646 1716 1691 in

341 1743 361 1764 ›>
381 1722 535 1768 morbo
569 1719 768 1765 desiderii
804 1737 932 1766 suum
960 1738 1034 1767 vas
1059 1719 1242 1783 quisque
1266 1717 1506 1782 possideat,
1528 1735 1628 1763 non
1663 1717 1716 1762 de

341 1814 361 1835 ›>
384 1791 611 1852 conjugi0‚
636 1789 709 1836 sed
723 1789 776 1836 de
793 1790 1077 1836 fornicatione
1103 1788 1405 1852 accipiendum
1431 1787 1674 1851 putaveri53
1697 1807 1716 1827 »

342 1873 470 1926 atque
500 1862 559 1907 ita
592 1861 893 1923 temperantiae
918 1872 1052 1906 totam
1084 1861 1356 1905 honestatem
1389 1857 1443 1903 de
1478 1856 1718 1903 concubitu

341 1936 577 1992 conjugum
620 1930 874 1987 abstuleris,
911 1942 959 1977 ut
996 1947 1122 1976 nemo
1157 1929 1239 1975 sibi
1275 1927 1474 1975 videatur
1495 1929 1540 1972 in
1564 1927 1718 1972 morbo

344 2002 544 2049 desiderii
566 2017 692 2046 suum
723 2018 796 2047 Vas
828 2001 1044 2064 possidere
1059 2037 1070 2057 ,
1099 2009 1453 2062 quantacumque
1475 1996 1657 2042 libidine
1674 1998 1718 2041 in

344 2073 486 2119 uxoris
510 2070 769 2131 genitalibus
796 2071 988 2134 potuerit
1012 2070 1213 2116 insanire.
1257 2069 1303 2114 Si
1332 2070 1448 2113 enim
1483 2067 1620 2113 ullum
1657 2067 1719 2112 ibi

346 2143 582 2190 tenendum
606 2142 864 2187 existimares
881 2141 1062 2187 modum
1079 2178 1089 2197 ,
1117 2139 1327 2203 potuisti,
1363 2149 1404 2183 et
1431 2137 1522 2183 illic
1553 2153 1721 2182 concu—

346 2213 572 2276 piscentiae
617 2210 933 2274 reprehendere
973 2227 1189 2257 excessum
1207 2245 1217 2265 ‚
1265 2225 1449 2273 eumque
1487 2207 1628 2253 dicere
1664 2207 1720 2251 ab

349 2282 555 2345 Apostolo
573 2281 864 2340 significatum
883 2282 1090 2327 morbum
1109 2279 1328 2335 desiderii,
1352 2290 1394 2323 et
1411 2295 1498 2323 non
1519 2277 1721 2340 improbe

347 2369 500 2412 negare
517 2388 527 2407 ‚
550 2368 674 2397 suum
695 2369 769 2397 vas
788 2351 957 2397 dictum
975 2352 1104 2397 fuisse
1131 2351 1288 2412 cuique
1317 2352 1545 2408 conjugem
1579 2364 1715 2394 suam.

350 2425 450 2481 Quo
472 2422 606 2468 verbo
632 2422 678 2466 in
695 2421 843 2466 eadem
855 2439 900 2467 re
927 2422 1056 2467 etiam
1069 2422 1223 2465 Petrus
1238 2418 1456 2482 apostolus
1471 2417 1625 2474 utitur,
1644 2417 1722 2462 ubi

349 2503 495 2540 monet
514 2502 562 2537 ut
581 2492 663 2539 viri
683 2492 886 2537 uxoribus
918 2492 1004 2538 suis
1029 2502 1240 2552 tanquam
1275 2489 1504 2536 infirmiori
1527 2489 1616 2537 vasi
1639 2488 1720 2534 tri-

399 2580 409 2600 1
436 2590 447 2609 x
468 2576 580 2609 Tlnss.
598 2587 643 2620 xv,
662 2582 692 2614 4.
711 2594 753 2601 —-
768 2573 783 2598 2
799 2573 915 2608 Matth.
931 2586 999 2621 mx,¹
1023 2585 1076 2610 12.
1096 2590 1141 2598 -
1159 2570 1172 2596 3
1188 2572 1273 2609 Ibid.
1293 2583 1342 2609 ιι.
