1843 3190
329 274 423 331 450
750 285 786 314 s.
831 281 1073 313 mensum
1108 280 1313 312 Erlscom

327 363 576 419 peccatum.
618 350 675 395 Et
710 359 865 394 caetera
891 364 1028 410 usque
1065 347 1120 393 acl
1158 363 1257 392 eum
1280 345 1457 403 locum,
1495 346 1575 392 ubi
1609 345 1699 391 aits

331 448 353 470 t(
373 424 513 484 Igitur
540 438 617 481 ego
634 420 724 483 ipse
743 429 884 464 mente
904 417 1042 463 servio
1058 417 1143 477 legi
1170 417 1249 462 Dei
1267 454 1278 473 ‚
1309 434 1437 463 carne
1460 427 1602 463 autem
1621 415 1707 476 legi

332 518 354 538 ι)
370 491 596 559 peccati1‚
623 511 642 531 η
677 489 809 536 verba
835 498 936 534 sunt
956 490 1046 546 jam
1075 488 1157 532 sub
1177 487 1314 547 gratia
1339 488 1564 533 constituti
1585 523 1596 543 ‚
1631 485 1708 532 sed

334 565 481 613 adhuc
507 572 658 608 contra
683 559 1084 622 concupiscentiam
1115 574 1236 604 suam
1266 558 1540 614 dimicantis,
1567 574 1646 603 nec
1668 555 1710 602 ei

333 632 635 683 consentientis
657 641 896 694 utpeccet;
924 628 998 675 sed
1015 639 1156 674 tamen
1185 629 1347 691 quibus
1364 629 1580 684 renititur,
1605 643 1708 691 pec-

333 706 421 752 cati
448 702 656 749 desideria
674 700 893 764 patientis.

398 771 598 820 LXXIV.
637 771 773 814 Nemo
795 778 992 813 nostrum
1021 767 1308 812 substantiam
1333 769 1530 830 corporis
1546 805 1558 824 ,
1581 785 1712 813 nemo

332 855 533 891 naturam
559 840 700 886 carnis
724 848 898 884 accusat
927 855 936 882 :
965 836 1126 882 frustra
1149 847 1362 899 purgatur
1392 838 1470 882 abs
1498 848 1537 883 te
1558 874 1568 891 ‚
1589 836 1712 900 quod

335 933 424 962 non
457 912 662 975 culpatur
683 928 706 955 a
727 909 869 954 nobis.
902 907 1292 970 Concupiscentias
1314 907 1447 953 malas
1466 944 1476 963 ‚
1500 908 1663 971 quibus
1678 906 1713 953 si

335 986 447 1031 bene
467 981 657 1028 vivimus
679 996 765 1024 non
790 977 1097 1032 consentimus,
1120 987 1263 1022 tamen
1279 987 1385 1022 esset
1402 994 1490 1022 non
1509 989 1714 1037 negamus

336 1056 381 1101 in
406 1054 551 1107 nobis,
578 1048 841 1109 castigandae
861 1058 985 1102 sunt,
1012 1046 1234 1092 frenandae
1257 1057 1384 1103 sunt,
1415 1047 1715 1110 expugnandae

339 1135 464 1175 sunt,
486 1120 712 1169 vincendae
734 1128 834 1163 sunt
859 1135 869 1162 :
897 1129 1038 1162 tamen
1067 1127 1186 1172 sunt,
1210 1134 1288 1162 nec
1312 1116 1463 1162 alienae
1482 1127 1595 1164 sunt.
1625 1118 1715 1162 Nec

338 1197 456 1241 hona
478 1194 555 1239 ista
581 1201 750 1246 nostra,
790 1188 862 1234 sed
888 1187 999 1233 mala
1020 1198 1136 1234 sunt.
1174 1188 1264 1233 Nec
1289 1187 1401 1233 sicut
1430 1187 1537 1233 dicit
1571 1187 1717 1232 Mani-

340 1267 466 1312 chaea
486 1263 650 1309 vanitas
672 1298 682 1315 ‚
711 1270 909 1322 separata
940 1268 1057 1303 extra
1082 1275 1160 1303 nos
1184 1269 1311 1304 erunt
1334 1275 1345 1303 ε
1379 1257 1452 1304 sed
1477 1257 1591 1304 sicut
1609 1257 1716 1303 dicit

339 1334 557 1382 catholica
576 1332 749 1383 veritas,
776 1340 942 1384 sanata,
971 1345 1060 1373 non
1086 1339 1228 1375 erunt.

405 1403 581 1449 LXXV.
611 1404 674 1447 De
699 1400 784 1445 illis
812 1415 986 1461 quoque
1017 1398 1266 1460 apostolicis
1289 1398 1432 1444 verbis
1452 1434 1464 1454 ‚
1488 1399 1533 1444 in
1555 1399 1718 1462 quibus

338 1472 613 1538 impudentia
639 1469 845 1524 mirabili,
869 1469 958 1514 imo
976 1467 1193 1513 dementia
1214 1505 1227 1521 ,
1251 1468 1443 1514 resistitis
1465 1468 1720 1514 fundatissi-

338 1562 423 1591 mae
447 1543 566 1598 fidei,
591 1541 669 1586 ubi
690 1540 773 1596 ait,
800 1560 820 1580 ε(
838 1539 920 1583 Per
941 1555 1077 1583 unum
1096 1537 1319 1583 hominem
1339 1549 1568 1601 peccatum
1587 1539 1720 1585 intra-

346 1614 501 1660 »vitin
523 1611 770 1666 mundum,
785 1620 827 1655 et
849 1626 927 1672 per
942 1618 1174 1671 peccatum
1196 1625 1334 1664 mors,
1357 1619 1399 1653 et
1422 1609 1481 1654 ita
1504 1609 1550 1654 in
1574 1626 1721 1655 omnes

344 1684 576 1732 »homines
597 1680 862 1745 pertransiit,
885 1680 930 1724 in
946 1695 1033 1741 quo
1051 1695 1197 1724 omnes
1216 1679 1533 1741 peccaverunt1
1553 1697 1591 1725 z»
1612 1679 1722 1726 frus-

343 1768 411 1802 tra
435 1770 603 1800 sensum
626 1752 756 1798 alium
781 1766 945 1796 novum
973 1760 1102 1811 atque
1128 1748 1359 1794 distortum
1391 1760 1432 1795 et
1458 1767 1481 1795 a
1508 1753 1610 1796 vcro
1638 1751 1723 1796 ab·

345 1827 598 1873 horrentem
617 1821 782 1867 moliris
820 1819 1075 1882 exculpere,
1118 1818 1336 1870 affirmans
1361 1841 1380 1857 α
1407 1821 1468 1864 Ea
1503 1819 1723 1865 locutione

349 1895 516 1941 dictum
540 1909 648 1946 esse,
680 1892 733 1935 In
760 1907 848 1953 quo
875 1906 1022 1934 omnes
1046 1900 1339 1951 peccaverunt
1367 1908 1380 1940 ς
1426 1906 1475 1935 ac
1499 1889 1533 1934 si
1559 1889 1723 1935 dicere-

349 1976 439 2020 tur,
466 1965 654 2025 Propter
667 1960 786 2024 quod
799 1976 946 2004 omnes
968 1969 1292 2021 peccaverunt:
1322 1959 1433 2004 sicut
1456 1958 1624 2004 dictum
1641 1970 1720 2015 est,

348 2059 370 2079 ))
383 2038 434 2081 ln
451 2051 539 2098 quo
561 2031 738 2091 corrigit
756 2030 905 2090 junior
928 2033 1042 2075 viam
1067 2029 1234 2074 suam2:
1261 2050 1282 2071 ›>
1302 2039 1350 2074 ut
1370 2029 1551 2085 scilicet,
1568 2047 1656 2075 non
1679 2030 1727 2076 in

350 2124 439 2153 uno
462 2104 640 2150 homine
682 2118 830 2147 omnes
854 2100 1054 2144 homines
1074 2116 1274 2161 peccasse
1307 2099 1610 2159 intelligantur
1634 2100 1726 2145 ori-

352 2175 550 2237 ginaliter
570 2210 581 2230 ,
604 2183 645 2218 et
668 2183 878 2233 tanquam
896 2169 942 2214 in
964 2185 1116 2214 massae
1133 2169 1290 2214 unione
1315 2169 1602 2215 communiter
1621 2189 1632 2223 ;
1654 2170 1728 2216 sed

351 2259 583 2311 propterea
600 2245 702 2307 quia
736 2243 904 2304 primus
939 2240 1171 2286 hominum
1200 2240 1274 2285 ille
1311 2241 1534 2303 peccavit3
1560 2240 1606 2286 id
1630 2251 1691 2285 est
1713 2277 1724 2297 ‚

353 2335 454 2364 cum
480 2317 707 2361 imitantur
732 2313 856 2358 illum
877 2349 887 2367 ,
918 2328 1007 2356 non
1033 2327 1134 2355 cum
1161 2321 1420 2369 generantur
1443 2327 1490 2355 ex
1512 2310 1604 2355 illo.
1629 2311 1729 2355 Non

352 2405 454 2446 ergo
471 2386 578 2431 huic
599 2384 738 2430 sensui
760 2382 961 2428 convenit
991 2381 1065 2426 illa
1096 2380 1263 2426 locutio
1279 2418 1289 2435 ‚
1311 2381 1372 2426 ita
1403 2381 1572 2426 dictum
1607 2397 1695 2426 esse
1714 2418 1726 2437 ‚

353 2481 374 2502 «
396 2459 448 2503 In
474 2474 586 2520 quo,
610 2477 628 2496 ³>
652 2454 772 2500 velut
806 2453 973 2498 dictum
999 2462 1129 2506 esset,
1167 2473 1185 2491 «
1211 2452 1395 2515 Propter
1411 2451 1546 2515 quod.
1572 2472 1592 2492 »
1617 2453 1730 2497 Nam

353 2539 535 2595 propter
556 2527 643 2572 hoc
662 2525 842 2589 quisque
860 2534 1037 2587 peccat,
1060 2522 1180 2586 quod
1205 2522 1288 2568 sibi
1319 2523 1531 2586 proponit
1555 2532 1605 2568 ut
1624 2538 1730 2585 pec·

401 2613 523 2644 ¹R0m.
539 2610 667 2650 v11,25.
682 2625 728 2632 —-
741 2606 756 2630 2
772 2610 867 2641 Rom.
883 2619 917 2648 v,
941 2617 992 2637 12.
1010 2624 1056 2631 —
1069 2603 1083 2629 3
1103 2604 1184 2639 Psal.
1210 2615 1320 2643 cxvur,
1341 2615 1375 2645 9.
