1843 3190
245 287 421 319 con-raa
456 284 685 319 summum
724 285 1031 330 PELAGIANUM,
1070 289 1158 321 mn.
1199 291 1242 323 V.
1339 278 1432 341 373

52 353 161 402 hinc
188 352 436 417 loqueretur
461 370 472 398 :
502 373 523 394 c<
539 351 845 415 Unusquisque
860 353 1097 417 proprium
1122 355 1287 402 donum
1301 357 1438 404 habet

60 445 82 466 »
108 441 132 468 a
162 423 252 468 Deo
270 422 304 469 1.
330 445 350 463 »
371 426 426 468 Et
443 421 564 486 quod
581 421 688 466 dixit
708 421 919 468 Dominus
941 441 953 468 :
977 444 997 464 «
1024 423 1124 469 Sine
1139 442 1206 470 me
1224 426 1338 472 nihil
1356 445 1436 490 po-

56 516 78 537 »
95 493 211 539 testis
225 491 364 538 facere
386 493 421 540 ἵ.
453 513 474 534 »
499 493 570 548 Et,
597 511 617 532 «
639 491 738 536 Non
757 509 904 538 omnes
922 494 1106 556 capiunt
1126 496 1310 541 verbum
1327 497 1432 553 hoc,

58 585 78 606 ‚³
103 562 174 609 sed
189 562 352 626 quibus
369 562 519 608 datum
543 571 605 606 est
627 560 646 589 ³
670 578 680 605 ε
707 583 727 603 ›>
748 578 850 607 cum
876 574 1020 625 posset
1040 563 1200 620 dicere,
1229 566 1330 611 Non
1347 583 1439 612 om-

57 651 130 680 nes
151 633 332 695 capiunt
355 633 538 678 verbum
558 631 662 686 hoc,
691 631 763 676 sed
781 633 858 695 qui
881 632 1092 686 voluerit;
1116 634 1149 678 si
1165 651 1315 680 verum
1335 647 1442 682 esset

61 702 181 768 quod
197 702 341 748 dicitis
355 720 444 749 vos,
477 702 640 758 Quaero
655 717 772 756 sane,
789 701 995 763 qualibus
1019 703 1221 761 ingenitis
1238 704 1321 749 sibi
1343 722 1442 750 mo-

59 774 179 819 tibus
197 772 420 817 hominem
443 770 597 817 dicatis
637 787 723 816 esse
752 770 961 816 idoneum
1001 771 1104 817 dare
1129 772 1274 833 leges.3
1295 785 1446 820 utrum

59 842 204 897 bonis,
232 859 287 887 an
311 841 467 887 malis?
490 841 535 886 Si
553 841 704 894 bonis;
728 840 932 886 adversus
955 842 1121 887 bonum
1147 860 1248 903 ergo
1264 844 1445 908 spiritus

66 911 356 974 concupiscit,
379 922 422 957 et
435 910 524 957 duo
544 911 661 956 bona
687 910 876 956 invicem
891 910 972 956 sibi
991 911 1275 959 adversantur
1292 914 1338 960 in
1361 914 1451 960 ho-

65 982 196 1028 mine.
223 981 355 1038 Quod
380 981 413 1027 si
431 982 490 1026 ita
513 991 637 1034 esset,
667 981 762 1044 ipsa
788 979 976 1026 duorum
1016 982 1236 1028 bonorum
1264 984 1449 1030 inter'se

68 1052 303 1098 adversitas
334 1052 452 1098 bona
476 1069 562 1098 esse
584 1069 673 1097 non
695 1061 853 1115 posset.
884 1051 930 1096 Si
969 1063 1110 1098 autem
1140 1054 1287 1108 malis3
1310 1055 1449 1100 fatere

65 1122 202 1182 'igitur
222 1122 434 1182 ingenitos
456 1139 542 1168 esse
555 1122 883 1168 hominimotus
906 1121 1058 1176 malos,
1079 1133 1230 1168 contra
1240 1141 1349 1186 quos
1363 1142 1455 1170 cas-

70 1192 168 1238 titas
184 1192 380 1239 dimicat.
406 1194 461 1237 Et
476 1209 529 1237 ne
542 1192 684 1238 dicere
698 1208 800 1237 cum
814 1191 1073 1237 Manichaeis
1095 1193 1278 1252 cogaris,
1294 1194 1446 1240 alienae

72 1262 177 1308 mali
198 1273 367 1308 naturae
379 1262 504 1307 nobis
524 1262 657 1307 inesse
687 1261 1066 1317 commixtionem,
1096 1273 1291 1308 nostrum
1310 1264 1457 1327 potius

78 1332 330 1393 originalem
363 1333 569 1378 confitere
600 1331 867 1392 languorem.
910 1331 1048 1390 Cujus
1087 1332 1309 1392 languoris
1342 1334 1457 1379 malo

80 1403 320 1464 conjugalis
344 1402 454 1449 bene
481 1403 622 1448 utitur
640 1401 884 1465 pudicitia;
909 1413 1060 1448 contra
1084 1403 1206 1466 quod
1240 1404 1461 1464 languoris

81 1474 245 1520 malum
266 1472 537 1519 adhibentur
557 1473 612 1518 ab
635 1472 1008 1519 incontinentibus
1042 1474 1298 1536 nuptiarum
1324 1491 1461 1519 reme-

84 1544 176 1599 dia,
201 1553 452 1589 exercentur
467 1561 490 1588 a
513 1542 838 1589 continentibus
856 1541 1038 1601 gloriosa
1053 1543 1303 1590 certamina„
1328 1543 1462 1588 Arbi-

85 1625 176 1660 tror
197 1612 558 1676 pollicitationem
575 1629 731 1667 meam,
752 1628 799 1656 ex
822 1627 910 1675 quo
939 1612 1023 1657 tibi
1042 1611 1095 1657 ad
1118 1629 1260 1657 omnia
1279 1630 1464 1676 respon—

87 1683 188 1730 dere
208 1684 346 1746 coepi,
365 1682 411 1728 in
431 1683 592 1746 quibus
605 1680 831 1728 solvendos
844 1682 1136 1756 quaestionum
1153 1682 1290 1727 nodos
1302 1683 1468 1745 aliquos

92 1753 290 1810 attulisti,
312 1752 586 1799 commodius
610 1751 804 1816 impleri,
835 1752 869 1796 si
891 1768 1120 1797 numerum
1146 1763 1322 1798 tuorum
1342 1752 1473 1798 volu-

24 1869 29 1872 .
94 1825 262 1870 minum
287 1840 377 1869 non
407 1839 640 1874 excessero.
676 1821 742 1867 Sit
764 1838 864 1881 ergo
890 1821 965 1867 hic
998 1821 1096 1867 finis
1121 1822 1253 1882 hujus
1286 1821 1396 1878 mei,
1424 1831 1474 1867 ut

94 1894 376 1941 novissimum
399 1903 526 1939 tuum
547 1893 603 1939 ab
625 1892 707 1938 alio
728 1891 970 1937 refellamus
986 1891 1173 1937 exordio.

146 1998 157 2021 ¹
179 2010 192 2029 ι
213 2001 286 2031 Cor.
303 2009 367 2039 vn,
385 2010 417 2040 7.
433 1996 506 2023 ...2
525 1999 621 2031 Joan.
641 2008 697 2036 xv,
713 1997 743 2028 5.
759 2014 801 2021 -—
822 1993 836 2018 3
856 1993 976 2029 Matth.
993 2006 1065 2034 xxx,
1084 2007 1139 2030 11.
