1843 3190
302 265 393 326 392
712 281 746 312 s,
789 280 1031 312 Aucus‘rim
1068 282 1271 312 EPISCOPI

301 345 739 411 posuitquaestionem
755 347 976 409 quomodo
995 358 1220 407 resurgant
1239 347 1415 404 mortui,
1434 365 1523 412 quo
1537 359 1680 396 autem

302 434 486 480 corpore
508 417 700 471 veniant,
726 418 934 463 continuo
951 435 1039 463 rem
1063 419 1330 478 incognitam
1355 429 1395 464 et
1416 420 1681 483 inexpertam

301 488 495 549 exemplo
520 487 709 550 probare
732 489 938 551 suscepit,
966 487 1202 547 adjungens
1220 526 1231 545 ‚
1262 512 1277 528 «
1304 489 1468 544 Stulte,
1494 500 1542 535 tu
1561 490 1682 553 quod

302 578 324 598 »
347 559 528 602 seminas
547 574 634 602 non
669 557 918 603 vivificatur
942 595 952 611 ‚
982 558 1060 602 nisi
1088 557 1332 603 moriatur1
1354 579 1365 612 3
1392 582 1406 598 »
1437 570 1518 605 etc.
1551 559 1679 616 Quod

303 628 478 691 quidem
502 627 745 690 exemplum
775 638 817 672 et
835 628 941 674 huic
975 629 1035 673 rei
1059 629 1113 673 de
1142 645 1227 691 qua
1256 630 1398 688 agitur
1416 666 1427 685 ,
1454 647 1541 675 non
1565 630 1683 675 omni

303 699 434 745 modo
453 710 513 744 est
537 699 858 746 inconveniens,
886 700 1231 759 Purgaturenim
1258 718 1281 744 a
1299 700 1423 762 palea
1445 700 1640 745 triticum
1667 737 1678 754 ‚

303 771 415 815 sicut
442 770 576 814 homo
605 787 627 814 a
652 778 850 830 peccato,
877 780 919 814 et
944 780 1089 814 tamen
1113 768 1214 813 inde
1233 786 1332 814 cum
1348 769 1472 832 palea
1492 770 1685 816 nascitur

307 839 504 885 alterum.

368 908 486 954 XVI.
509 907 628 965 Quid
649 918 712 953 est
729 918 871 953 autem
889 907 1008 971 quad
1029 907 1082 952 de
1092 902 1312 954 crocodilo
1329 908 1473 954 dicere
1486 908 1682 966 voluisti,

305 999 327 1020 ³>
350 978 499 1023 Solum
521 995 608 1023 esse
631 979 677 1024 in
697 978 902 1024 omnibus
920 977 1198 1035 animalibus,
1221 980 1293 1025 cui
1313 980 1550 1043 superiores
1564 997 1686 1025 man-

306 1048 479 1095 dibulas
497 1049 661 1095 moveri
687 1049 872 1095 Albinus
898 1048 1083 1094 affirmat
1100 1069 1112 1103 ;
1135 1061 1177 1095 et
1198 1049 1342 1110 ignem
1361 1087 1372 1106 ‚
1393 1066 1496 1095 cum
1513 1051 1568 1095 sit
1586 1067 1686 1095 om-

306 1120 436 1165 nibus
455 1119 600 1173 exitio,
617 1120 903 1165 salamandrae
914 1137 1001 1165 esse
1020 1119 1246 1167 ludibrio?
1268 1122 1422 1166 Nonne
1439 1121 1518 1166 ista
1534 1131 1688 1166 contra

306 1208 383 1237 vos
418 1191 564 1254 potius
602 1190 825 1254 protulisti
847 1228 857 1246 ‚
893 1190 1072 1254 quando
1102 1192 1322 1236 invenitur
1362 1191 1530 1255 aliquid
1572 1191 1688 1237 unde

309 1272 576 1307 monstretur
619 1278 705 1307 esse
739 1261 946 1324 possibile
984 1261 1104 1324 quod
1140 1262 1392 1320 generaliter
1425 1262 1681 1321 negabatur.

311 1334 425 1377 Cum
451 1349 551 1391 ergo
574 1349 650 1378 vos
673 1332 925 1392 generaliter
946 1333 1223 1392 negaveritis,
1252 1350 1376 1395 posse
1400 1333 1620 1392 gignentes
1644 1333 1690 1377 in

311 1402 478 1465 prolem
501 1402 698 1461 trajicere
709 1402 829 1465 quod
850 1419 937 1448 non
958 1402 1127 1447 habent
1143 1403 1250 1466 ipsi3
1269 1403 1303 1447 si
1321 1402 1690 1448 fueritinventum

313 1472 433 1535 quod
465 1472 600 1535 possit
622 1472 709 1518 hoc
739 1471 880 1518 facere
899 1509 910 1530 ‚
951 1473 1012 1517 ita
1046 1473 1311 1536 superamini
1333 1510 1344 1528 ,
1384 1472 1497 1518 sicut
1519 1472 1592 1517 ille
1615 1472 1691 1534 qui

311 1543 475 1587 dixerat
497 1579 507 1596 ‚
538 1559 625 1588 non
646 1559 769 1605 posse
797 1543 999 1588 animalia
1020 1543 1100 1589 nisi
1120 1543 1344 1589 inferiores
1364 1560 1534 1589 movere
1565 1559 1692 1587 man-

314 1612 510 1669 dibulas,
538 1613 714 1658 invento
749 1614 972 1659 crocodilo
996 1614 1085 1659 sine
1112 1615 1393 1674 ambiguitate
1425 1623 1689 1676 superatur;

318 1694 360 1729 et
387 1683 464 1746 qui
485 1683 649 1729 dixerat
665 1684 837 1730 nullum
864 1684 1024 1730 animal
1047 1685 1091 1729 in
1107 1686 1204 1744 igne
1217 1686 1382 1739 vivere3
1400 1685 1692 1742 demonstrato

317 1753 438 1817 quod
457 1753 511 1798 de
534 1754 805 1800 salamandra
839 1755 1098 1818 perhibetur
1115 1792 1126 1809 ‚
1154 1756 1242 1801 sine
1269 1755 1552 1814 ambiguitate
1584 1771 1694 1799 con-

318 1825 526 1870 vincitur.
550 1825 663 1870 Cum
686 1826 820 1884 igitur
839 1825 992 1871 definis
1011 1848 1030 1867 «
1051 1826 1273 1871 Naturalia
1288 1843 1366 1889 per
1389 1824 1588 1870 accidens
1607 1841 1694 1869 non

318 1895 537 1948 converti3
561 1916 582 1936 »
604 1896 638 1940 si
661 1895 729 1940 vel
753 1912 864 1941 unus
890 1895 1107 1959 quispiam
1135 1895 1268 1941 fuerit
1289 1897 1508 1950 inventus,
1535 1894 1611 1956 qui
1626 1894 1694 1939 vi-

320 1965 451 2010 tiatus
474 1964 619 2027 aliquo
644 1981 747 2010 casu
767 1982 868 2011 cum
892 1964 1041 2010 eodem
1067 1966 1172 2011 vitio
1193 1965 1387 2024 genuerit
1409 1964 1550 2009 filium
1567 1999 1578 2019 ,
1599 1961 1696 2008 fac-

322 2049 502 2100 tumque
538 2038 591 2083 sit
619 2038 733 2101 proli
761 2038 956 2084 naturale
993 2038 1111 2101 quod
1145 2038 1317 2102 parenti
1352 2036 1552 2083 accidens
1578 2036 1692 2090 fuit3

319 2125 475 2170 nempe
500 2118 574 2153 tua
607 2108 802 2154 definitio
827 2109 905 2154 ista
929 2108 1227 2155 frustrabitur.
1259 2110 1370 2154 Item
1402 2124 1503 2153 cum
1523 2106 1693 2163 definis,

320 2200 341 2219 «
363 2182 587 2223 Parentem
613 2178 733 2242 quod
758 2179 849 2242 ipse
876 2197 966 2225 non
996 2180 1132 2225 habet
1149 2217 1159 2235 ‚
1194 2180 1239 2224 in
1267 2196 1387 2224 suam
1409 2177 1576 2241 prolem
1609 2194 1698 2222 non

318 2265 442 2311 posse
466 2250 754 2308 transmittere
773 2287 784 2306 ‚
806 2267 949 2295 nonne
971 2249 1167 2295 definitio
1187 2249 1316 2295 etiam
1330 2249 1409 2294 ista
1432 2247 1693 2302 destruetur,

322 2334 424 2363 cum
461 2319 540 2363 tibi
561 2318 724 2365 fuerint
754 2320 1037 2366 demonstrati
1065 2321 1153 2365 nati
1181 2319 1378 2365 homines
1414 2317 1699 2376 integerrimis

323 2388 526 2434 omnibus
550 2390 756 2435 membris
774 2408 821 2436 ex
846 2391 914 2436 his
940 2391 1196 2454 parentibus
1212 2426 1223 2445 ‚
1240 2389 1315 2451 qui
1329 2387 1533 2433 nonnulla
1557 2404 1697 2432 mem-

320 2458 400 2504 bra
418 2458 740 2522 perdiderant?
767 2460 1067 2506 Audiebamus
1091 2479 1113 2506 a
1138 2460 1376 2520 majoribus
1409 2457 1565 2504 nostris
1587 2494 1598 2514 ‚
1621 2457 1698 2520 qui

322 2546 365 2576 se
388 2529 434 2575 id
446 2534 581 2576 “'nosse
610 2547 661 2577 ac
681 2531 837 2579 vidisse
856 2530 1084 2589 dicebant,
1114 2530 1391 2577 Fundanium
1420 2528 1698 2589 Carthaginis

372 2612 383 2635 ¹
407 2624 424 2643 2
445 2615 516 2647 Cor.
537 2624 590 2654 xv,
610 2616 665 2649 36.
