1843 3190
294 248 384 307 286
693 259 728 291 s,
771 256 1013 289 Aucusrlm
1047 257 1250 288 EPtsCoPI

351 327 489 373 LVII.
520 324 640 383 Quid
664 324 783 388 quod
810 335 850 369 te
874 334 1043 369 tantum
1063 322 1249 369 delectat
1268 320 1415 385 loqui,
1453 331 1503 367 ut
1540 320 1663 384 quod

291 399 552 445 confitemur
587 406 627 441 et
662 394 893 450 docemus,
939 406 1143 457 tanquam
1182 409 1408 453 negemus,
1442 390 1664 455 superflua

290 469 534 533 prolixitate
563 465 769 511 sermonis
805 465 993 528 probare
1029 465 1224 510 coneris?
1257 462 1367 520 Quis
1401 463 1515 507 enim
1539 470 1666 521 negat

289 539 491 585 futurum
510 536 637 582 fuisse
658 536 944 581 concubitum
969 572 979 590 ‚
1003 534 1167 580 etiamsi
1184 543 1415 597 peccatum
1440 549 1525 578 non
1545 547 1665 595 prae-

293 609 510 654 cessisset?
547 605 631 651 Sed
670 604 843 650 futurus
866 604 1030 659 fuerat,
1069 605 1181 649 sicut
1217 603 1309 648 aliis
1342 602 1570 657 membris,
1606 602 1667 646 ita

292 680 421 725 etiam
450 676 708 738 genitalibus
724 675 948 721 voluntate
980 678 1130 731 motis,
1156 690 1243 719 non
1262 671 1445 718 libidine
1469 671 1667 717 concita-

293 749 374 803 tis;
398 756 473 794 aut
501 757 613 792 certe
644 745 773 790 etiam
803 745 896 808 ipsa
926 744 1109 790 libidine
1127 781 1137 799 ,
1171 744 1250 806 (ut
1278 760 1369 788 non
1405 759 1480 788 vos
1516 741 1570 787 de
1593 741 1668 786 illa

292 819 473 865 nimium
492 815 794 861 contristemus
810 851 820 870 ‚
839 816 852 875 )
873 831 962 859 non
986 814 1125 876 qualis
1145 829 1261 858 nunc
1281 823 1366 869 est,
1404 811 1477 857 sed
1503 810 1558 857 ad
1581 827 1668 856 nu-

293 900 387 935 tum
406 886 700 934 voluntarium
721 886 939 930 serviente.
970 885 1132 929 Verum
1156 901 1230 930 vos
1250 900 1331 946 pro
1355 892 1556 945 suscepta
1575 898 1670 928 ves·

294 971 362 1005 tra
383 971 471 1005 tam
500 956 686 1002 fideliter
709 955 941 1010 laboratis,
979 966 1027 1000 ut
1056 955 1147 1001 vim
1181 954 1434 1017 patiamini,
1468 953 1549 997 nisi
1576 969 1670 997 eam

297 1030 434 1095 qualis
454 1044 572 1074 nunc
600 1037 662 1072 est
679 1063 690 1083 ‚
711 1026 839 1071 etiam
862 1026 907 1070 in
932 1025 1134 1089 paradiso
1156 1025 1374 1070 collocetis
1392 1044 1403 1077 ;
1427 1040 1514 1069 non
1536 1023 1598 1069 ibi
1619 1022 1672 1068 de

296 1110 477 1165 peccato
503 1098 690 1143 dicentes
712 1096 840 1142 talem
862 1096 1022 1142 factam
1041 1134 1051 1143 .
1072 1096 1143 1141 scd
1163 1095 1291 1141 talem
1321 1094 1441 1140 nullo
1464 1103 1673 1157 peccante

295 1172 424 1219 fuisse
442 1186 684 1216 mansuram
709 1205 719 1224 ‚
748 1185 847 1213 cum
866 1184 951 1231 qua
979 1167 1024 1212 in
1044 1167 1116 1212 illa
1135 1184 1242 1230 pace
1263 1166 1547 1212 dimicaretur
1564 1202 1575 1221 ‚
1598 1175 1674 1210 aut

297 1260 351 1288 ne
385 1241 690 1292 dimicaretur,
733 1238 1090 1302 quotiescumque
1121 1248 1310 1297 surgeret
1342 1235 1596 1300 expleretur.
1631 1234 1671 1280 Ο

300 1322 467 1358 sanctas
505 1308 699 1373 paradisi
734 1308 936 1354 delicias!
984 1307 1022 1352 Ο
1058 1307 1243 1352 frontem
1286 1305 1674 1370 qualiumcumque

299 1378 626 1445 episcoporum!
659 1378 697 1423 O
723 1377 853 1423 fidem
878 1376 1265 1440 qualiumcumque
1292 1387 1508 1422 castorum
1529 1375 1537 1420 l

363 1451 523 1496 Lvlll.
559 1447 643 1494 Sed
668 1448 813 1493 volens
831 1447 1075 1500 ostendere,
1103 1465 1191 1492 non
1211 1446 1357 1492 omnia
1387 1463 1487 1510 quae
1520 1457 1675 1507 tegun-

301 1533 370 1568 tur
389 1559 399 1578 ,
428 1538 474 1566 ex
506 1530 685 1584 peccato
716 1518 1008 1564 erubescenda
1042 1518 1190 1582 putari
1221 1528 1449 1582 oportere,
1487 1516 1674 1563 multum

299 1592 481 1639 inaniter
502 1590 639 1636 multa
661 1606 1000 1646 commemoras,
1025 1607 1124 1653 quae
1147 1589 1193 1634 in
1217 1598 1365 1634 nostro
1392 1604 1573 1651 corpore
1594 1605 1676 1633 na-

301 1662 497 1709 turaliter
512 1671 623 1706 tecta
641 1670 741 1705 sunt
761 1682 770 1714 ;
793 1660 915 1723 quasi
937 1671 1035 1723 post
1052 1670 1281 1723 peccatum
1300 1669 1412 1704 tecta
1433 1658 1543 1713 sint,
1565 1658 1679 1703 sicut

301 1732 365 1779 illi
389 1732 588 1778 homines
604 1768 614 1787 ,
644 1730 759 1775 unde
783 1730 893 1774 inter
917 1747 993 1775 nos
1015 1730 1195 1792 quaestio
1217 1739 1303 1785 est,
1331 1745 1431 1792 quae
1452 1738 1549 1773 ante
1568 1745 1677 1791 pec-

303 1814 448 1849 catum
473 1819 551 1847 nec
582 1800 789 1865 pudenda
810 1838 820 1856 ,
851 1818 929 1846 nec
957 1811 1066 1846 tecta
1095 1799 1294 1855 fuerant,
1320 1809 1418 1863 post
1447 1809 1678 1862 peccatum

301 1872 509 1937 pudenda
535 1882 741 1917 texerunt.
770 1892 788 1911 «
812 1869 976 1915 Balbus
992 1908 1001 1926 ‚
1022 1869 1189 1934 inquis,
1219 1869 1337 1933 apud
1357 1868 1550 1914 Tullium
1577 1885 1678 1914 cum

304 1945 432 1990 Cotta
461 1959 554 1988 vere
574 1940 887 2004 diligenterque
921 1939 1134 1987 disseruit.
1182 1940 1306 1985 Unde
1340 1939 1398 1984 ob
1424 1939 1511 1984 hoc
1535 1955 1679 2003 pauca

302 2014 454 2078 ponis,
507 2024 555 2058 ut
587 2012 726 2068 dicis,
771 2023 818 2057 ut
864 2029 1010 2057 oneres
1039 2011 1252 2075 pudorem
1296 2027 1467 2066 meum,
1500 2027 1588 2055 non
1630 2026 1681 2055 ea

302 2103 371 2131 me
406 2084 657 2131 intellexisse
684 2083 766 2128 sub
804 2083 1045 2142 magisterio
1073 2100 1207 2128 sacrae
1231 2081 1333 2141 legis
1352 2119 1362 2137 ,
1402 2080 1454 2126 ad
1494 2097 1681 2143 quorum

305 2156 526 2201 notionem
554 2153 728 2214 gentiles
760 2152 849 2198 solo
881 2153 1058 2198 rationis
1095 2148 1233 2197 ductu
1262 2151 1486 2215 pervenire
1520 2161 1672 2214 potue·

304 2225 430 2272 runt1
452 2244 462 2271 :
484 2247 502 2266 n
525 2235 566 2270 et
583 2225 706 2288 ponis
725 2223 850 2269 Balbi
869 2224 1001 2269 verba
1021 2241 1067 2269 ex
1086 2223 1305 2269 Ciceronis
1324 2222 1439 2267 libro
1456 2259 1466 2278 ‚
1487 2239 1565 2285 per
1581 2238 1682 2285 quae

307 2313 384 2341 nos
404 2295 582 2346 doceas,
607 2293 713 2358 quid
733 2294 939 2339 senserint
959 2293 1090 2339 Stoici
1110 2293 1162 2338 de
1186 2292 1438 2338 animalium
1460 2303 1681 2337 mutorum

308 2365 554 2411 masculinis
583 2381 632 2409 ac
658 2364 893 2408 faemininis
915 2363 1240 2409 diversitatibus
1256 2399 1265 2417 ‚
1294 2361 1346 2406 de
1366 2361 1566 2424 partibus
1587 2378 1681 2407 cor-

308 2437 425 2500 poris
455 2434 712 2496 genitalibus
730 2471 739 2488 ,
779 2444 819 2478 et
849 2433 965 2478 miris
994 2431 1415 2478 commiscendorum
1444 2448 1682 2494 corporum

307 2505 581 2553 libidinibus.
616 2504 726 2560 Quae
756 2513 897 2547 tamen
919 2502 1078 2557 verba,
1104 2503 1170 2548 vel
1189 2501 1388 2548 ⁷l'ulliana
1410 2539 1420 2558 ‚
1448 2501 1514 2548 vel
1539 2506 1683 2563 qu'us-

358 2591 368 2613 ¹
390 2589 459 2622 Lib.
479 2600 510 2621 2.
528 2587 567 2619 de
586 2589 706 2620 Natura
725 2586 866 2618 drotum.
