1843 3190
313 270 406 318 326
735 283 769 312 5.,
815 280 1058 312 Aueusrmr
1094 277 1294 312 EPtSCOPl

313 350 502 399 breviter
533 349 701 396 dictum
737 358 821 403 est,
860 357 1005 410 aperte
1034 347 1202 392 dictum
1235 357 1323 402 est,
1357 347 1412 392 ab
1440 364 1489 393 eo
1516 346 1685 393 dictum

315 434 406 479 est,
434 426 558 485 cujus
583 419 662 466 alia
685 418 819 465 verba
845 418 888 463 in·
919 428 1039 463 tuam
1079 418 1332 463 sententiam
1360 417 1516 463 frustra
1538 417 1686 463 detor-

322 508 453 557 quere
475 502 653 537 conatus
678 507 732 535 es.

381 563 508 608 Xlll.
553 559 672 617 Quid
703 569 764 605 est
789 568 931 603 autem
963 557 1083 621 quod
1111 557 1218 602 dicis
1241 575 1251 602 :
1289 578 1308 597 c:
1336 557 1447 602 Cum
1470 556 1688 602 desideriis

319 633 406 678 suis
426 631 575 677 traditi
600 631 833 684 dicuntur,
860 628 1001 673 relicti
1025 644 1103 691 per
1121 627 1312 673 divinam
1341 627 1597 690 patientiam
1618 627 1690 671 in-

316 700 535 761 telligendi
553 711 675 755 sunt,
699 716 788 744 non
802 716 878 761 per
894 698 1131 761 potentiam
1147 698 1191 742 in
1211 706 1388 759 peccata
1407 696 1622 759 compulsi
1639 713 1649 740 ε
1670 718 1689 738 »

315 772 439 835 quasi
458 788 546 816 non
566 770 694 816 simul
718 769 863 832 posuit
888 768 985 812 haec
1004 768 1092 812 duo
1117 767 1231 811 idem
1259 767 1517 829 Apostolus5
1545 776 1587 810 et
1605 774 1690 828 pa-

316 842 512 888 tientiam
528 878 539 897 ‚
566 851 608 885 et
630 839 868 903 potentiam
889 875 900 894 ,
931 839 1009 883 ubi
1029 838 1087 883 ait
1110 855 1120 882 :
1148 859 1167 878 «
1189 838 1233 882 Si
1252 848 1395 883 autem
1415 837 1560 882 volens
1577 840 1692 883 Deus

316 933 338 954 >³
356 910 577 956 ostendere
601 910 710 955 iram
733 920 774 954 et
793 909 1089 954 demonstrare
1114 909 1350 971 potentiam
1370 918 1492 952 suam
1508 944 1519 963 ,
1547 907 1694 953 attulit

316 1001 338 1024 κ
355 982 401 1027 in
424 980 562 1026 multa
586 980 794 1043 patientia
818 995 917 1023 vasa
947 978 1023 1023 irae
1040 1015 1049 1033 ‚
1077 991 1178 1041 quae
1199 978 1389 1041 perfecta
1409 978 1572 1023 suntin
1588 985 1693 1040 per—

321 1073 342 1093 »
359 1049 611 1097 ditionem1.
636 1072 655 1092 »
682 1049 802 1106 Quid
819 1049 981 1094 horum
1006 1057 1149 1094 tamen
1169 1048 1279 1094 dicis
1303 1066 1389 1093 esse
1408 1048 1528 1111 quod
1552 1049 1695 1111 scrip-

318 1132 412 1166 tum
430 1131 492 1165 est
511 1137 521 1164 ε
550 1141 570 1161 «
593 1121 648 1164 Et
667 1119 884 1182 propheta
901 1118 934 1163 si
957 1118 1164 1163 erraverit
1182 1129 1223 1163 et
1242 1119 1412 1163 locutus
1435 1118 1567 1164 fuerit
1585 1155 1596 1173 ‚
1617 1134 1694 1177 ego

320 1213 341 1233 ))
360 1190 573 1236 Dominus
589 1189 740 1235 reduxi
756 1188 1022 1251 prophetam
1039 1188 1163 1234 illum
1181 1225 1192 1243 ‚
1213 1199 1253 1232 et
1270 1186 1497 1233 extendam
1517 1199 1693 1232 manum

323 1282 344 1303 n
360 1275 499 1307 meam
519 1274 650 1323 super
666 1270 765 1305 eum
784 1296 794 1315 ‚
816 1269 856 1304 et
874 1259 1168 1304 exterminabo
1188 1276 1285 1304 eum
1308 1258 1361 1303 de
1381 1258 1524 1303 medio
1541 1257 1696 1321 populi

323 1352 344 1373 »
363 1331 449 1376 mei
471 1329 636 1376 Israel2
672 1347 682 1374 ε
706 1351 726 1371 »
761 1328 973 1392 patientia
995 1339 1081 1385 est,
1118 1347 1171 1374 an
1204 1329 1428 1391 potentia?
1454 1327 1698 1384 Quodlibet

319 1401 449 1461 eligas
467 1438 477 1457 ‚
507 1400 575 1446 vel
599 1411 833 1462 utrumque
849 1400 1046 1453 fatearis3
1073 1399 1191 1446 vides
1217 1410 1359 1444 tamen
1378 1398 1481 1444 falsa
1505 1398 1697 1462 prophe-

320 1472 450 1518 tantis
486 1482 715 1534 peccatum
744 1487 830 1516 esse
848 1507 858 1525 ,
900 1483 1168 1533 poenamque
1208 1469 1391 1533 peccati.
1442 1472 1507 1515 An
1546 1479 1588 1514 et
1624 1468 1699 1513 hic

321 1542 518 1588 dicturus
544 1540 748 1604 es,quod
776 1541 836 1586 ait
860 1559 870 1586 :
899 1541 990 1601 Ego
1018 1541 1229 1586 Dominus
1262 1536 1409 1585 seduxi
1438 1539 1698 1602 prophetam

321 1613 445 1659 illum
467 1645 477 1667 s
501 1611 829 1671 intelligendum
853 1629 962 1667 esse,
992 1612 1185 1665 deserui,
1223 1622 1271 1656 ut
1303 1627 1385 1673 pro
1416 1614 1507 1669 ejus
1539 1609 1699 1653 meritis

321 1683 525 1729 seductus
544 1685 734 1729 erraret?
757 1686 843 1742 Age
863 1693 911 1728 ut
937 1683 1000 1728 vis
1019 1719 1029 1737 ,
1051 1693 1194 1727 tamen
1217 1699 1266 1727 eo
1288 1681 1417 1726 modo
1436 1680 1617 1743 punitus
1636 1690 1698 1725 est

322 1771 403 1816 pro
424 1764 603 1816 peccato
621 1790 631 1807 ‚
658 1764 706 1798 ut
724 1753 880 1798 falsum
906 1752 1217 1816 prophetando
1244 1762 1456 1816 peccaret.
1483 1750 1567 1795 Sed
1587 1749 1698 1794 illud

322 1825 489 1869 intuere
509 1823 627 1886 quod
654 1823 767 1869 vidit
791 1823 1000 1868 'Michaeas
1027 1823 1246 1886 propheta
1267 1860 1277 1877 ,
1312 1843 1333 1863 «
1356 1821 1595 1866 Dominum
1631 1828 1699 1865 se‘-

325 1915 345 1935 »
365 1893 536 1938 dentem
561 1909 691 1956 super
709 1893 917 1938 thronum
945 1909 1072 1938 suum
1089 1930 1099 1949 ‚
1127 1904 1169 1938 et
1193 1892 1333 1938 omnis
1365 1891 1572 1936 exercitus
1599 1889 1702 1935 co'eli

326 1962 507 2008 »stabat
531 1963 646 2008 circa
670 1980 769 2008 eum
802 1980 825 2007 a
860 1962 1016 2008 dextris
1047 1966 1136 2021 ejus
1168 1974 1208 2007 et
1239 1981 1259 2007 a
1293 1962 1475 2006 sinistris
1509 1965 1613 2019 ejus,
1646 1959 1703 2005 Et

327 2054 346 2074 ›>
365 2032 472 2077 dixit
493 2033 707 2078 Dominus
731 2050 741 2077 :
771 2033 881 2088 Quis
908 2032 1083 2078 seducet
1108 2033 1264 2078 Achab
1289 2049 1429 2091 regem
1462 2030 1621 2086 Israel,
1662 2040 1704 2075 et

327 2123 347 2143 ›>
366 2102 592 2158 ascendet,
612 2114 654 2148 et
670 2102 796 2148 cadet
815 2102 858 2148 in
884 2103 1077 2148 Ramoth
1102 2102 1294 2149 GalaadP
1325 2103 1380 2146 Et
1399 2098 1506 2146 dixit
1527 2101 1605 2145 iste
1621 2100 1699 2155 sic,

326 2193 347 2213 »
365 2183 406 2217 et
422 2172 500 2218 iste
520 2172 594 2218 sic.
624 2173 679 2217 Et
700 2173 801 2218 exiit
824 2172 1026 2235 spiritus,
1055 2184 1097 2218 et
1121 2173 1237 2218 stetit
1267 2173 1311 2217 in
1335 2181 1570 2234 conspectu
1608 2163 1703 2214 Do-

329 2263 350 2283 »
366 2243 497 2297 mini,
524 2253 567 2287 et
589 2242 697 2288 dixit
720 2261 730 2287 :
756 2245 847 2302 Ego
877 2244 1080 2289 seducam
1115 2260 1227 2290 eum.
1272 2244 1326 2288 Et
1352 2243 1458 2287 dixit
1490 2240 1704 2286 Dominus

328 2333 349 2352 »
366 2312 420 2356 ad
445 2329 541 2357 eum
565 2330 576 2357 ε
603 2314 654 2357 In
679 2317 796 2375 quo?
822 2314 876 2358 E't
897 2313 1002 2359 dixit
1024 2332 1034 2358 t
1065 2315 1201 2359 Exibo
1222 2325 1264 2359 et
1283 2331 1354 2359 ero
1377 2313 1556 2374 spiritus
1577 2327 1704 2356 rnen-

327 2381 449 2427 »dax
483 2382 529 2427 in
567 2399 639 2427 ore
672 2384 866 2428 omnium
901 2385 1219 2447 prophetarum
1257 2383 1390 2442 ejus3.
1418 2403 1438 2423 >2
1475 2383 1530 2426 Et
1563 2380 1700 2426 dixit:

328 2452 581 2508 «seduces,
619 2463 661 2497 et
692 2454 974 2516 praevalebis,
1000 2455 1063 2500 exi
1085 2465 1127 2499 et
1158 2454 1226 2499 fac
1251 2454 1324 2500 sic.
1352 2475 1372 2494 n
1397 2452 1514 2509 Quid
1544 2451 1600 2497 ad
1624 2451 1706 2496 ista

324 2523 520 2568 dicturus
548 2525 619 2568 es?
654 2540 810 2585 nempe
848 2541 917 2569 rex
953 2524 1044 2586 ipse
1075 2524 1306 2587 peccavit,
1336 2522 1451 2568 falsis
1486 2521 1700 2568 credendo

372 2604 382 2626 ¹
398 2606 492 2639 Rom.
508 2614 555 2645 1x,
580 2614 631 2636 12.
645 2622 687 2630 -—
701 2603 717 2626 2
730 2604 845 2639 Ezech.
865 2616 931 2647 x1v,
951 2616 984 2647 9.
997 2622 1043 2630 -
1055 2603 1070 2629 3
1087 2608 1104 2637 3
1122 2608 1200 2648 Reg.
1215 2616 1295 2646 xxxx,
1315 2617 1355 2647 ¹9
1371 2610 1403 2638 et
1416 2615 1506 2648 seqq,-
