1843 3190
300 332 475 363 CONTRA
509 332 734 363 JULIANUM
770 333 1072 377 PELAGtANUM,
1111 337 1201 366 tm.
1240 339 1299 368 v1.
1373 325 1466 379 433

105 398 356 445 substantiae
386 399 654 445 conditorem
676 435 687 454 ,
724 399 827 462 quia
852 400 896 445 in
934 418 981 446 ea
1009 401 1292 448 similitudine
1320 420 1420 466 quae
1444 423 1468 451 a

105 485 173 513 me
197 468 396 514 adhibita
420 481 499 526 est,
530 469 730 529 fruticem
756 468 869 523 dixi3
893 470 1030 516 frutex
1053 472 1220 535 quippe
1247 473 1367 518 nullo
1387 473 1468 520 du-

102 539 271 585 bitante
294 541 534 586 substantia
552 551 614 585 est
633 558 643 584 :
672 556 750 585 cur
769 557 903 603 usque
927 541 1032 587 adeo
1055 553 1095 587 te
1121 543 1185 588 vel
1203 543 1387 590 ostendis
1403 545 1472 591 vel

102 609 230 668 fingis
247 609 492 666 indoctum,
518 621 565 655 ut
584 609 641 654 eis
666 608 794 654 rebus
818 626 918 672 quae
942 611 1194 657 substantiae
1217 630 1301 657 non
1334 625 1434 660 sunt
1454 651 1466 670 ,

104 678 375 725 adhibendas
405 680 458 725 de
489 679 740 725 substantiis
763 679 1066 726 similitudines
1096 698 1184 725 non
1225 683 1469 729 existimes?

104 749 196 795 Nisi
217 748 326 794 sorte
351 760 394 794 et
415 749 498 812 ipsi
517 749 704 794 Domino
736 747 959 795 dialectice
983 749 1341 806 calumniaberis,
1368 753 1472 815 quia

102 819 208 865 dixit
231 857 242 875 ,
264 841 284 861 (ι
309 820 451 865 Arbor
469 820 584 865 bona
615 819 755 864 bonos
781 818 949 865 fructus
981 820 1085 866 facit
1105 857 1115 876 ,
1137 831 1177 865 et
1201 822 1330 867 arbor
1358 822 1472 868 mala

103 910 123 931 »
142 890 280 936 malos
303 890 469 936 fructus
491 890 597 935 facit
614 889 647 936 1.
674 911 694 931 2>
714 890 825 947 Quis
847 890 961 935 enim
995 891 1203 936 malitiam
1229 892 1315 937 sive
1337 893 1471 938 boni-

104 971 252 1015 tatem,
274 959 340 1005 vel
362 977 494 1023 opera
516 960 631 1005 bona
651 976 724 1004 seu
743 959 854 1004 mala
869 997 879 1014 ,
907 977 1015 1023 quos
1039 960 1157 1006 velut
1181 961 1346 1008 fructus
1370 962 1470 1008 illa-

101 1047 198 1076 rum
218 1031 420 1076 arborum
443 1030 580 1076 voluit
603 1030 805 1090 intelligi,
834 1030 952 1075 dicat
971 1048 1056 1076 esse
1079 1031 1357 1088 substantias,
1389 1033 1472 1079 nisi

100 1100 292 1146 nesciens
325 1100 432 1164 quid
473 1101 711 1164 loquatur?
756 1100 864 1156 Quis
902 1118 1001 1146 vero
1041 1101 1212 1147 arbores
1251 1113 1293 1147 et
1323 1119 1472 1148 earum

98 1169 267 1216 fructus
290 1181 413 1230 neget
442 1187 527 1216 esse
548 1170 807 1215 substantias
827 1206 839 1225 ,
866 1170 899 1214 si
932 1170 1054 1215 novit
1090 1172 1209 1233 quod
1244 1171 1466 1234 loquitur?

100 1240 164 1285 De
184 1240 253 1285 his
277 1257 376 1299 ergo
403 1241 532 1285 rebus
566 1256 666 1302 quae
688 1238 944 1284 substantiae
967 1251 1096 1295 sunt,
1126 1240 1318 1286 videmus
1348 1241 1473 1286 adhi-

99 1309 212 1354 bitas
232 1309 534 1354 similitudines
567 1309 626 1354 eis
654 1309 784 1354 rebus
816 1325 914 1371 quae
946 1327 1034 1354 non
1070 1320 1169 1355 sunt
1196 1310 1467 1357 substantiae.

100 1379 233 1436 Quod
260 1380 294 1425 si
315 1380 446 1425 arbor
465 1379 581 1425 bona
614 1378 680 1424 vel
710 1378 822 1424 mala
838 1414 847 1432 ‚
872 1396 959 1423 non
980 1379 1151 1424 bonitas
1186 1380 1376 1425 hominis
1404 1380 1471 1426 vel

100 1450 265 1496 malitia
280 1488 291 1506 ‚
315 1451 387 1496 sed
411 1451 495 1514 ipsi
518 1450 716 1496 homines
731 1450 977 1513 accipiendi
996 1461 1110 1505 sunt,
1129 1451 1173 1496 in
1190 1451 1350 1514 quibus
1369 1451 1472 1496 sub-

93 1521 222 1580 jectis
238 1521 338 1566 istas
362 1538 447 1566 esse
472 1521 752 1580 intelligimus
773 1520 1019 1584 qualitates,
1043 1522 1280 1566 bonitatem
1307 1521 1472 1566 scilicet

98 1591 144 1636 in
166 1591 344 1637 homine
364 1592 498 1647 bono,
527 1591 821 1655 malitiamque
848 1591 892 1636 in
928 1592 1104 1637 homine
1128 1591 1268 1646 malo,
1301 1601 1348 1636 ut
1378 1591 1472 1653 ipse

99 1661 353 1707 substantiae
371 1663 456 1707 sint
474 1662 665 1716 arbores,
692 1661 737 1706 id
760 1672 839 1717 est,
868 1661 951 1724 ipsi
973 1662 1191 1718 homines3
1214 1672 1327 1706 certe
1344 1660 1469 1707 fruc-

99 1741 169 1777 tus
188 1750 356 1788 eorum,
379 1733 395 1796 (
414 1749 514 1795 quae
532 1732 642 1777 nihil
661 1731 779 1777 aliud
805 1749 938 1795 quain
958 1731 1402 1794 operaintelliguntur
1422 1732 1457 1793 ,)

98 1819 225 1847 nemo
245 1803 324 1848 nisi
340 1803 567 1865 imperitus
587 1802 694 1848 dicit
716 1818 803 1847 esse
826 1803 1087 1847 substantias
1108 1820 1118 1847 :
1151 1819 1249 1847 cum
1272 1802 1469 1848 omnium

100 1873 307 1919 arborum
324 1873 510 1929 fructus,
528 1873 642 1918 unde
655 1874 749 1919 istae
769 1872 1070 1918 similitudines
1085 1872 1198 1918 datae
1210 1883 1326 1928 sunt,
1345 1890 1472 1918 nemo

97 1943 180 1989 nisi
207 1944 434 2007 imperitus
467 1955 592 2003 neget
614 1961 700 1988 esse
728 1940 1007 1989 substantias.
1042 1945 1103 1988 Ac
1139 1960 1217 2006 per
1239 1942 1325 1987 hoc
1348 1943 1384 1987 ei
1410 1943 1470 1990 rei

99 2030 198 2076 quae
225 2032 312 2060 non
335 2025 396 2060 est
433 2014 671 2059 substantia
691 2050 701 2069 ,
735 2013 798 2058 fas
827 2024 888 2058 est
911 2013 1122 2058 adhibere
1146 2011 1472 2056 similitudinem

98 2083 152 2129 de
173 2085 428 2131 substantia.
459 2086 646 2148 Propter
664 2082 785 2146 quod
821 2100 896 2142 ego
915 2082 1019 2128 vitio
1043 2119 1054 2138 ,
1078 2081 1196 2145 quod
1227 2082 1368 2141 generi
1389 2081 1471 2127 hu-

97 2170 226 2199 mano
254 2154 453 2200 diabolus
481 2165 687 2217 tanquam
722 2153 878 2199 vulnus
912 2152 1094 2208 inflixit,
1129 2152 1326 2215 quamvis
1349 2151 1470 2197 nullo

96 2224 229 2270 modo
247 2225 488 2271 substantia
515 2225 598 2279 sit,
628 2234 742 2269 recte
767 2235 907 2268 tamen
942 2222 1126 2268 adhibui
1152 2222 1204 2267 de
1231 2222 1471 2267 substantia

97 2295 444 2351 similitudinem,
474 2306 521 2340 ut
542 2295 742 2340 fruticem
766 2294 971 2349 dicerem,
1002 2304 1043 2338 et
1065 2292 1233 2338 fructus
1252 2295 1343 2352 ejus
1366 2293 1470 2339 vitia

97 2365 226 2410 etiam
246 2365 318 2410 illa
333 2383 432 2411 cum
443 2365 602 2428 quibus
622 2364 835 2418 homines,
856 2363 978 2408 vobis
990 2362 1167 2425 quidem
1188 2362 1465 2420 negantibus,

97 2435 170 2481 sed
196 2437 372 2481 veritate
392 2435 692 2490 convincente,
722 2445 986 2488 nascuntur,
1015 2443 1056 2477 et
1081 2450 1128 2478 ex
1155 2431 1314 2494 quibus
1335 2431 1379 2476 in
1405 2449 1468 2477 ae—

97 2517 275 2552 ternum
303 2506 380 2552 Dei
400 2522 533 2566 regno
557 2515 755 2568 pereunt,
779 2504 812 2550 si
842 2503 1018 2552 veritate
1047 2503 1259 2549 liberante
1288 2518 1377 2549 non
1400 2519 1473 2549 re-

95 2588 348 2623 nascuntur.

145 2662 156 2682 ¹
177 2658 368 2701 Manli.v11‚
390 2672 441 2699 17-

260 2729 391 2760 cxtn,
1278 2708 1336 2753 28
