1843 3190
383 263 472 308 232
795 279 829 310 s.
874 278 1114 309 Accessi-Ni
1149 279 1352 309 EPlscori

377 346 542 406 negatis
556 344 722 390 trahere
741 343 946 402 originale
959 354 1203 406 peccatum.
1233 347 1326 390 Nec
1345 362 1609 403 succenseas,
1629 348 1750 411 quod

378 414 775 478 concupiscentiam
797 413 884 458 dixi
904 414 1127 470 morbum,
1149 415 1221 460 cui
1239 426 1279 461 et
1297 427 1341 461 tu
1356 415 1573 462 confessus
1589 435 1631 463 es
1648 436 1749 481 pro-

378 489 518 534 visum
543 486 670 531 fuisse
691 484 948 530 remedium.
984 485 1217 531 {xordium
1242 503 1342 533 vero
1365 488 1649 550 parvulorum
1665 527 1675 545 ‚
1702 507 1750 535 ex

376 575 462 621 quo
480 565 773 610 nascerentur,
794 555 837 599 in
862 554 999 599 Adam
1018 554 1102 600 fuit
1120 593 1130 612 ,
1153 573 1239 619 quo
1255 574 1334 619 per
1346 568 1578 619 peccatum
1598 559 1748 605 vitiato

375 639 504 690 atque
529 626 761 680 damnato,
800 624 982 669 alterum
1016 625 1074 670 eis
1112 625 1332 681 Christus,
1366 643 1413 672 ex
1441 643 1529 690 quo
1551 644 1748 674 renasce-

375 709 540 751 rentur,
569 706 768 741 instituit.

439 769 557 814 LlX,
593 787 613 806 «
640 765 686 809 Si
709 775 806 809 ante
821 773 1053 826 peccatum
1070 800 1080 819 ‚
1104 764 1272 826 inqui5‚
1297 783 1373 828 per
1400 767 1541 812 Deum
1556 779 1750 815 creatum

374 850 436 886 est
457 837 572 883 unde
588 835 786 881 homines
803 844 1097 888 nascerentur,
1128 851 1207 896 per
1225 834 1452 880 diabolum
1472 848 1615 882 autem
1634 838 1749 884 unde
1820 886 1822 893 χ

371 918 570 977 parentes
594 914 994 956 commoverentum
1025 903 1258 949 ascribitur
1283 905 1373 950 sine
1391 906 1528 953 dubio
1547 908 1749 954 sanctitas
1799 944 1803 947 -

372 978 651 1027 nascentibus
666 1013 677 1032 ‚
699 985 741 1020 et
765 974 895 1038 culpa
921 975 1241 1034 generantibus.
1269 997 1288 1018 ›>
1311 976 1431 1033 Quid
1457 977 1588 1034 dicis,
1612 1001 1634 1021 α
1658 982 1748 1026 Pa-

372 1061 511 1098 rentes
533 1047 938 1093 commoverentur?
964 1065 984 1086 »
1005 1043 1050 1089 Si
1068 1044 1226 1107 pietate
1244 1046 1501 1104 voluntatis,
1521 1065 1608 1111 qua
1625 1060 1749 1113 optat

372 1122 483 1168 filios
503 1118 684 1181 quisque
708 1115 952 1178 suscipere3
980 1124 1021 1158 et
1038 1114 1125 1160 hoc
1144 1132 1223 1177 per
1249 1116 1389 1161 Deum
1408 1117 1657 1164 institutum
1680 1137 1690 1164 ε
1713 1121 1748 1166 si

373 1202 517 1239 autem
559 1186 889 1251 perturbatione
925 1184 1146 1240 libidinis,
1189 1187 1260 1231 cui
1299 1204 1378 1232 nec
1403 1188 1641 1235 excitandae
1668 1207 1748 1236 nec

373 1260 618 1309 auferendae
653 1256 811 1302 sufficit
844 1256 1080 1301 voluntatis
1106 1256 1366 1310 arbitrium3
1395 1269 1564 1304 naturae
1590 1260 1748 1307 vulnus

371 1345 434 1382 est
458 1332 510 1378 de
537 1327 894 1393 praevaricatione
914 1364 924 1383 ,
953 1344 1085 1389 quam
1111 1326 1313 1372 diabolus
1340 1329 1576 1391 persuasit,
1608 1331 1748 1377 inflic-
1810 1346 1813 1393 J

370 1417 481 1452 tum.
514 1403 649 1446 Recte
672 1399 817 1461 itaque
853 1415 877 1441 a
916 1414 983 1441 me
1009 1396 1177 1442 dictum
1202 1396 1310 1452 est1‚
1338 1420 1358 1439 c<
1381 1399 1519 1444 Fieret
1541 1400 1630 1445 sine
1664 1401 1746 1446 isto
1808 1403 1812 1406 ”

369 1474 524 1521 morbo
547 1468 769 1516 seminatio
790 1468 980 1512 filiorum
999 1467 1043 1512 in
1061 1485 1246 1530 corpore
1267 1469 1369 1513 vitae
1386 1468 1524 1526 illius,
1552 1470 1641 1516 sine
1659 1488 1746 1534 quo

371 1561 487 1591 nunc
515 1541 607 1588 fieri
630 1556 717 1584 non
736 1548 878 1601 potest
896 1538 940 1582 in
963 1554 1146 1600 corpore
1166 1538 1316 1583 mortis
1332 1538 1478 1598 hujus.
1501 1560 1521 1580 »

434 1616 528 1660 LX.
571 1609 703 1667 Quod
729 1620 871 1653 autem
891 1609 1227 1667 argumentaris,
1253 1629 1272 1649 α
1299 1609 1361 1653 Λᾶ
1385 1610 1552 1655 bonum
1569 1609 1746 1657 foecun-
1806 1623 1807 1631 ¹

371 1685 517 1733 ditatis
552 1679 758 1745 parvulos
794 1679 1035 1742 pertinere,
1079 1695 1179 1741 quae
1209 1679 1289 1723 Dei
1312 1679 1614 1725 benedictione
1647 1693 1746 1727 ante

370 1827 572 1874 morbum
594 1860 604 1879 ,
629 1821 663 1866 si
682 1830 829 1883 postea
850 1819 1136 1882 peccantibus
1157 1819 1335 1875 accidit3
1359 1830 1487 1883 atque
1501 1819 1598 1875 ideo
1616 1837 1744 1865 sanc·
1800 1824 1803 1831 “

368 1900 534 1945 titatem
570 1890 871 1939 ascribendam
905 1907 990 1935 esse
1027 1891 1327 1944 nascenssbrm,
1367 1901 1407 1935 et
1442 1891 1745 1950 generantibus

368 1969 543 2032 culpam
569 1982 579 2008 :
603 1986 622 2005 υ
642 1978 731 2007 non
755 1961 939 2006 attendis
960 1971 1139 2024 peccato
1156 1960 1232 2005 illo
1259 1977 1414 2020 magno
1434 1960 1675 2006 universam
1697 1961 1743 2006 in

369 2038 554 2085 deterius
580 2042 790 2079 mutatam
814 2030 942 2076 fuisse
979 2041 1176 2075 naturam
1197 2067 1206 2085 ‚
1244 2030 1360 2076 unde
1383 2030 1521 2075 fuerat
1545 2048 1741 2093 propago

367 2107 582 2156 ducenda.
611 2103 682 2149 Sic
699 2102 812 2147 enim
834 2119 976 2164 posses
997 2100 1139 2146 dicere
1155 2138 1165 2152 ,
1196 2102 1332 2146 Evam
1356 2100 1488 2145 solam
1503 2138 1513 2152 ,
1540 2118 1627 2146 non
1651 2118 1741 2146 cae-

366 2193 477 2227 teras
518 2175 717 2223 foeminas
759 2172 927 2217 dolores
968 2172 1268 2235 parturitionis
1310 2172 1465 2217 sentire
1507 2171 1704 2217 debuisse
1727 2189 1737 2216 :
1793 2203 1795 2208 ,

366 2250 573 2316 quoniam
593 2244 840 2291 benedictio
858 2261 945 2307 qua
963 2243 1130 2289 dictum
1155 2254 1217 2288 est
1238 2261 1248 2287 ε
1275 2264 1294 2283 «
1321 2242 1510 2288 Crescite
1528 2254 1570 2288 et
1587 2243 1739 2289 multi—
1790 2284 1793 2291 .

365 2345 386 2366 »
410 2316 694 2386 plicamini2;
722 2337 742 2355 >2
765 2332 812 2360 ex
846 2331 931 2378 qua
959 2314 1037 2360 filii
1069 2325 1372 2377 procreantur,
1412 2324 1510 2358 ante
1534 2313 1647 2359 facta
1679 2325 1742 2360 est
1842 2358 1843 2362 ,

364 2409 497 2457 quam
528 2388 675 2434 {uisset
706 2385 930 2430 muliebris
956 2402 1074 2430 sexus
1103 2385 1176 2430 illa
1209 2383 1511 2429 maledictione
1538 2384 1731 2447 punitus„
1787 2426 1790 2454 ἶ
1840 2437 1843 2444 ,

363 2463 448 2511 Sed
462 2462 496 2507 si
512 2460 599 2505 hoc
619 2455 849 2501 dixerimus
865 2492 875 2511 ‚
899 2455 1049 2517 utique
1069 2454 1422 2517 respondebitur,
1440 2454 1550 2499 sicut
1567 2471 1614 2499 ex
1632 2472 1738 2517 pec·
1787 2463 1790 2482 ³

361 2546 458 2581 cato
476 2530 549 2578 illo
568 2566 577 2585 ‚
602 2528 662 2573 ita
688 2543 735 2572 ex
754 2525 986 2571 maledicto
1014 2525 1057 2570 in
1076 2530 1200 2589 pejus
1222 2535 1356 2571 totam
1376 2535 1588 2571 mutatam
1609 2524 1737 2571 fuisse
1780 2553 1784 2598 Ξ

409 2620 419 2642 ¹
440 2618 506 2650 Lib.
531 2627 557 2647 1.
575 2613 615 2645 de
632 2610 767 2655 Naptiis,
787 2622 815 2645 c.
841 2622 929 2642 1.—
948 2608 963 2632 2
977 2611 1059 2640 Gen.
1084 2620 1112 2647 1,
1129 2610 1184 2641 28.
