<?xml version="1.0" encoding="UTF-8"?>
<!DOCTYPE html PUBLIC "-//W3C//DTD XHTML 1.0 Transitional//EN"
    "http://www.w3.org/TR/xhtml1/DTD/xhtml1-transitional.dtd">
<html xmlns="http://www.w3.org/1999/xhtml" xml:lang="en" lang="en">
 <head>
  <title>
</title>
<meta http-equiv="Content-Type" content="text/html;charset=utf-8" />
  <meta name='ocr-system' content='tesseract 3.04.00' />
  <meta name='ocr-capabilities' content='ocr_page ocr_carea ocr_par ocr_line ocrx_word'/>
</head>
<body>
  <div class='ocr_page' id='page_1' title='image "./operaomniaaccura35auguuoft/operaomniaaccura35auguuoft_0137.png"; bbox 0 0 1843 3190; ppageno 0'>
   <div class='ocr_carea' id='block_1_1' title="bbox 0 1247 41 2754">
    <p class='ocr_par' dir='ltr' id='par_1_1' title="bbox 0 1247 41 2754">
     <span class='ocr_line' id='line_1_1' title="bbox 0 1247 41 2754; baseline 0 0"><span class='ocrx_word' id='word_1_1' title='bbox 0 1247 41 2754; x_wconf 95' lang='lat' dir='ltr'><strong> </strong></span> 
     </span>
    </p>
   </div>
   <div class='ocr_carea' id='block_1_2' title="bbox 289 223 1463 276">
    <p class='ocr_par' dir='ltr' id='par_1_2' title="bbox 289 223 1463 276">
     <span class='ocr_line' id='line_1_2' title="bbox 289 223 1463 276; baseline 0.002 -18"><span class='ocrx_word' id='word_1_2' title='bbox 289 224 463 258; x_wconf 83' lang='lat' dir='ltr'>CONTRA</span> <span class='ocrx_word' id='word_1_3' title='bbox 496 224 723 257; x_wconf 83' lang='lat' dir='ltr'><strong>JULIANUM</strong></span> <span class='ocrx_word' id='word_1_4' title='bbox 758 223 1065 268; x_wconf 83' lang='lat' dir='ltr'><strong>PELAGIANUM,</strong></span> <span class='ocrx_word' id='word_1_5' title='bbox 1103 226 1192 259; x_wconf 76' lang='grc' dir='ltr'><strong>ΗΒ,</strong></span> <span class='ocrx_word' id='word_1_6' title='bbox 1236 228 1266 259; x_wconf 93' lang='grc' dir='ltr'><strong>Ῑ.</strong></span> <span class='ocrx_word' id='word_1_7' title='bbox 1379 229 1463 276; x_wconf 76' lang='lat'><strong>127</strong></span> 
     </span>
    </p>
   </div>
   <div class='ocr_carea' id='block_1_3' title="bbox 12 288 1482 2593">
    <p class='ocr_par' dir='ltr' id='par_1_3' title="bbox 94 288 1474 1198">
     <span class='ocr_line' id='line_1_3' title="bbox 97 288 1470 358; baseline 0.001 -19"><span class='ocrx_word' id='word_1_8' title='bbox 97 292 302 358; x_wconf 88' lang='lat' dir='ltr'><strong>quoniam</strong></span> <span class='ocrx_word' id='word_1_9' title='bbox 320 290 466 351; x_wconf 84' lang='lat' dir='ltr'><strong>negari</strong></span> <span class='ocrx_word' id='word_1_10' title='bbox 488 306 577 336; x_wconf 88' lang='lat' dir='ltr'><strong>non</strong></span> <span class='ocrx_word' id='word_1_11' title='bbox 594 300 737 353; x_wconf 87' lang='lat' dir='ltr'><strong>potest</strong></span> <span class='ocrx_word' id='word_1_12' title='bbox 756 305 842 335; x_wconf 89' lang='lat' dir='ltr'><strong>esse</strong></span> <span class='ocrx_word' id='word_1_13' title='bbox 871 288 982 335; x_wconf 80' lang='lat' dir='ltr'><strong>mala</strong></span> <span class='ocrx_word' id='word_1_14' title='bbox 997 326 1007 344; x_wconf 87' lang='lat'><strong><em>‚</em></strong></span> <span class='ocrx_word' id='word_1_15' title='bbox 1034 290 1148 337; x_wconf 87' lang='lat' dir='ltr'>nihil</span> <span class='ocrx_word' id='word_1_16' title='bbox 1172 304 1298 339; x_wconf 88' lang='lat' dir='ltr'><strong>restet</strong></span> <span class='ocrx_word' id='word_1_17' title='bbox 1317 293 1397 339; x_wconf 88' lang='lat' dir='ltr'><strong>nisi</strong></span> <span class='ocrx_word' id='word_1_18' title='bbox 1421 303 1470 339; x_wconf 88' lang='lat' dir='ltr'><strong>ut</strong></span> 
     </span>
     <span class='ocr_line' id='line_1_4' title="bbox 97 359 1471 423; baseline 0 -14"><span class='ocrx_word' id='word_1_19' title='bbox 97 380 145 409; x_wconf 89' lang='lat' dir='ltr'><strong>ex</strong></span> <span class='ocrx_word' id='word_1_20' title='bbox 161 361 275 408; x_wconf 89' lang='lat' dir='ltr'><strong>malo</strong></span> <span class='ocrx_word' id='word_1_21' title='bbox 292 361 377 406; x_wconf 90' lang='lat' dir='ltr'><strong>sint</strong></span> <span class='ocrx_word' id='word_1_22' title='bbox 391 397 402 417; x_wconf 84' lang='lat'>,</span> <span class='ocrx_word' id='word_1_23' title='bbox 431 361 466 406; x_wconf 91' lang='lat' dir='ltr'><strong>si</strong></span> <span class='ocrx_word' id='word_1_24' title='bbox 489 377 536 406; x_wconf 88' lang='lat' dir='ltr'><strong>ex</strong></span> <span class='ocrx_word' id='word_1_25' title='bbox 555 360 681 405; x_wconf 88' lang='lat' dir='ltr'><strong>bonis</strong></span> <span class='ocrx_word' id='word_1_26' title='bbox 698 359 864 405; x_wconf 85' lang='lat' dir='ltr'><strong>naturis</strong></span> <span class='ocrx_word' id='word_1_27' title='bbox 883 375 969 405; x_wconf 86' lang='lat' dir='ltr'><strong>esse</strong></span> <span class='ocrx_word' id='word_1_28' title='bbox 983 376 1071 405; x_wconf 91' lang='lat' dir='ltr'><strong>non</strong></span> <span class='ocrx_word' id='word_1_29' title='bbox 1095 373 1278 423; x_wconf 88' lang='lat' dir='ltr'><strong>possunt</strong></span> <span class='ocrx_word' id='word_1_30' title='bbox 1295 383 1307 417; x_wconf 78' lang='lat'>3</span> <span class='ocrx_word' id='word_1_31' title='bbox 1336 380 1385 409; x_wconf 92' lang='lat' dir='ltr'><strong>ac</strong></span> <span class='ocrx_word' id='word_1_32' title='bbox 1411 364 1471 409; x_wconf 88' lang='lat' dir='ltr'><strong>sic</strong></span> 
     </span>
     <span class='ocr_line' id='line_1_5' title="bbox 96 429 1467 490; baseline -0.001 -11"><span class='ocrx_word' id='word_1_33' title='bbox 96 432 186 479; x_wconf 92' lang='lat' dir='ltr'><strong>sine</strong></span> <span class='ocrx_word' id='word_1_34' title='bbox 217 430 339 477; x_wconf 89' lang='lat' dir='ltr'><strong>initio</strong></span> <span class='ocrx_word' id='word_1_35' title='bbox 358 430 551 476; x_wconf 86' lang='lat' dir='ltr'><strong>habeant</strong></span> <span class='ocrx_word' id='word_1_36' title='bbox 573 429 783 490; x_wconf 83' lang='lat' dir='ltr'><strong>originem</strong></span> <span class='ocrx_word' id='word_1_37' title='bbox 808 445 926 476; x_wconf 86' lang='lat' dir='ltr'><strong>suam</strong></span> <span class='ocrx_word' id='word_1_38' title='bbox 955 430 1068 475; x_wconf 88' lang='lat' dir='ltr'><strong>mala</strong></span> <span class='ocrx_word' id='word_1_39' title='bbox 1100 442 1299 478; x_wconf 88' lang='lat' dir='ltr'><strong>naturam</strong></span> <span class='ocrx_word' id='word_1_40' title='bbox 1335 434 1467 490; x_wconf 88' lang='lat' dir='ltr'><strong>mali,</strong></span> 
     </span>
     <span class='ocr_line' id='line_1_6' title="bbox 97 499 1470 565; baseline 0.001 -18"><span class='ocrx_word' id='word_1_41' title='bbox 97 518 198 565; x_wconf 85' lang='lat' dir='ltr'><strong>quae</strong></span> <span class='ocrx_word' id='word_1_42' title='bbox 217 501 307 547; x_wconf 89' lang='lat' dir='ltr'><strong>sine</strong></span> <span class='ocrx_word' id='word_1_43' title='bbox 334 501 458 547; x_wconf 78' lang='lat' dir='ltr'><strong>initio</strong></span> <span class='ocrx_word' id='word_1_44' title='bbox 478 517 648 563; x_wconf 84' lang='lat' dir='ltr'><strong>semper</strong></span> <span class='ocrx_word' id='word_1_45' title='bbox 670 499 826 554; x_wconf 82' lang='lat' dir='ltr'><strong>fuerit,</strong></span> <span class='ocrx_word' id='word_1_46' title='bbox 853 510 895 545; x_wconf 86' lang='lat' dir='ltr'><strong>et</strong></span> <span class='ocrx_word' id='word_1_47' title='bbox 915 499 1001 545; x_wconf 83' lang='lat' dir='ltr'><strong>sint</strong></span> <span class='ocrx_word' id='word_1_48' title='bbox 1030 499 1131 546; x_wconf 86' lang='lat' dir='ltr'><strong>duae</strong></span> <span class='ocrx_word' id='word_1_49' title='bbox 1165 512 1356 557; x_wconf 81' lang='lat' dir='ltr'><strong>naturae,</strong></span> <span class='ocrx_word' id='word_1_50' title='bbox 1383 519 1470 548; x_wconf 88' lang='lat' dir='ltr'><strong>una</strong></span> 
     </span>
     <span class='ocr_line' id='line_1_7' title="bbox 96 569 1466 629; baseline 0.001 -12"><span class='ocrx_word' id='word_1_51' title='bbox 96 572 223 627; x_wconf 88' lang='lat' dir='ltr'><strong>boni,</strong></span> <span class='ocrx_word' id='word_1_52' title='bbox 244 571 373 618; x_wconf 72' lang='lat' dir='ltr'><strong>altera</strong></span> <span class='ocrx_word' id='word_1_53' title='bbox 390 570 523 616; x_wconf 69' lang='lat' dir='ltr'><strong>mali?</strong></span> <span class='ocrx_word' id='word_1_54' title='bbox 547 570 724 616; x_wconf 80' lang='lat' dir='ltr'><strong>Necesse</strong></span> <span class='ocrx_word' id='word_1_55' title='bbox 740 580 801 615; x_wconf 87' lang='lat' dir='ltr'><strong>est</strong></span> <span class='ocrx_word' id='word_1_56' title='bbox 814 569 927 615; x_wconf 89' lang='lat' dir='ltr'><strong>enim</strong></span> <span class='ocrx_word' id='word_1_57' title='bbox 947 579 995 615; x_wconf 93' lang='lat' dir='ltr'><strong>ut</strong></span> <span class='ocrx_word' id='word_1_58' title='bbox 1008 581 1083 616; x_wconf 86' lang='lat' dir='ltr'><strong>aut</strong></span> <span class='ocrx_word' id='word_1_59' title='bbox 1099 572 1219 618; x_wconf 89' lang='lat' dir='ltr'><strong>nulla</strong></span> <span class='ocrx_word' id='word_1_60' title='bbox 1231 573 1316 618; x_wconf 86' lang='lat' dir='ltr'><strong>sint</strong></span> <span class='ocrx_word' id='word_1_61' title='bbox 1338 572 1466 629; x_wconf 84' lang='lat' dir='ltr'><strong>mala,</strong></span> 
     </span>
     <span class='ocr_line' id='line_1_8' title="bbox 98 642 1470 699; baseline 0.001 -10"><span class='ocrx_word' id='word_1_62' title='bbox 98 654 173 689; x_wconf 87' lang='lat' dir='ltr'><strong>aut</strong></span> <span class='ocrx_word' id='word_1_63' title='bbox 189 660 236 689; x_wconf 86' lang='lat' dir='ltr'><strong>ex</strong></span> <span class='ocrx_word' id='word_1_64' title='bbox 253 643 381 689; x_wconf 89' lang='lat' dir='ltr'><strong>bonis</strong></span> <span class='ocrx_word' id='word_1_65' title='bbox 399 643 563 689; x_wconf 87' lang='lat' dir='ltr'><strong>naturis</strong></span> <span class='ocrx_word' id='word_1_66' title='bbox 587 643 672 689; x_wconf 91' lang='lat' dir='ltr'><strong>sint</strong></span> <span class='ocrx_word' id='word_1_67' title='bbox 684 679 694 699; x_wconf 92' lang='lat'><strong><em>‚</em></strong></span> <span class='ocrx_word' id='word_1_68' title='bbox 718 654 790 689; x_wconf 85' lang='lat' dir='ltr'><strong>aut</strong></span> <span class='ocrx_word' id='word_1_69' title='bbox 804 660 850 688; x_wconf 86' lang='lat' dir='ltr'><strong>ex</strong></span> <span class='ocrx_word' id='word_1_70' title='bbox 866 642 1003 690; x_wconf 89' lang='lat' dir='ltr'><strong>malis.</strong></span> <span class='ocrx_word' id='word_1_71' title='bbox 1035 643 1080 689; x_wconf 88' lang='lat' dir='ltr'><strong>Si</strong></span> <span class='ocrx_word' id='word_1_72' title='bbox 1099 643 1332 691; x_wconf 81' lang='lat' dir='ltr'><strong>dixerimus</strong></span> <span class='ocrx_word' id='word_1_73' title='bbox 1349 645 1470 690; x_wconf 87' lang='lat' dir='ltr'><strong>nulla</strong></span> 
     </span>
     <span class='ocr_line' id='line_1_9' title="bbox 94 712 1470 769; baseline -0.003 -10"><span class='ocrx_word' id='word_1_74' title='bbox 94 730 181 759; x_wconf 84' lang='lat' dir='ltr'><strong>esse</strong></span> <span class='ocrx_word' id='word_1_75' title='bbox 203 713 318 759; x_wconf 84' lang='lat' dir='ltr'><strong>mala</strong></span> <span class='ocrx_word' id='word_1_76' title='bbox 335 750 346 769; x_wconf 90' lang='lat'><strong><em>‚</em></strong></span> <span class='ocrx_word' id='word_1_77' title='bbox 373 712 535 759; x_wconf 87' lang='lat' dir='ltr'><strong>frustra</strong></span> <span class='ocrx_word' id='word_1_78' title='bbox 556 712 742 759; x_wconf 88' lang='lat' dir='ltr'><strong>dicimus</strong></span> <span class='ocrx_word' id='word_1_79' title='bbox 764 715 883 758; x_wconf 81' lang='lat' dir='ltr'><strong>Deo:</strong></span> <span class='ocrx_word' id='word_1_80' title='bbox 902 733 922 754; x_wconf 76' lang='grc' dir='ltr'><strong>ε(</strong></span> <span class='ocrx_word' id='word_1_81' title='bbox 937 714 1096 760; x_wconf 87' lang='lat' dir='ltr'><strong>Libera</strong></span> <span class='ocrx_word' id='word_1_82' title='bbox 1118 731 1194 760; x_wconf 92' lang='lat' dir='ltr'><strong>nos</strong></span> <span class='ocrx_word' id='word_1_83' title='bbox 1219 732 1242 760; x_wconf 91' lang='lat' dir='ltr'><strong>a</strong></span> <span class='ocrx_word' id='word_1_84' title='bbox 1267 714 1422 762; x_wconf 80' lang='lat' dir='ltr'><strong>malo1.</strong></span> <span class='ocrx_word' id='word_1_85' title='bbox 1450 735 1470 756; x_wconf 69' lang='lat' dir='ltr'>n</span> 
     </span>
     <span class='ocr_line' id='line_1_10' title="bbox 97 783 1471 842; baseline 0.001 -13"><span class='ocrx_word' id='word_1_86' title='bbox 97 784 143 829; x_wconf 91' lang='lat' dir='ltr'><strong>Si</strong></span> <span class='ocrx_word' id='word_1_87' title='bbox 168 794 312 830; x_wconf 83' lang='lat' dir='ltr'><strong>autem</strong></span> <span class='ocrx_word' id='word_1_88' title='bbox 337 783 569 830; x_wconf 86' lang='lat' dir='ltr'><strong>dixerimus</strong></span> <span class='ocrx_word' id='word_1_89' title='bbox 590 801 677 830; x_wconf 89' lang='lat' dir='ltr'><strong>non</strong></span> <span class='ocrx_word' id='word_1_90' title='bbox 701 784 805 829; x_wconf 89' lang='lat' dir='ltr'><strong>oriri</strong></span> <span class='ocrx_word' id='word_1_91' title='bbox 826 784 936 830; x_wconf 88' lang='lat' dir='ltr'><strong>mala</strong></span> <span class='ocrx_word' id='word_1_92' title='bbox 967 785 1048 830; x_wconf 90' lang='lat' dir='ltr'><strong>nisi</strong></span> <span class='ocrx_word' id='word_1_93' title='bbox 1073 802 1121 830; x_wconf 81' lang='lat' dir='ltr'><strong>ex</strong></span> <span class='ocrx_word' id='word_1_94' title='bbox 1146 785 1269 831; x_wconf 86' lang='lat' dir='ltr'><strong>malis</strong></span> <span class='ocrx_word' id='word_1_95' title='bbox 1287 822 1299 842; x_wconf 83' lang='grc'>,</span> <span class='ocrx_word' id='word_1_96' title='bbox 1324 785 1471 831; x_wconf 89' lang='lat' dir='ltr'><strong>Mani-</strong></span> 
     </span>
     <span class='ocr_line' id='line_1_11' title="bbox 96 853 1472 918; baseline 0.001 -20"><span class='ocrx_word' id='word_1_97' title='bbox 96 853 219 899; x_wconf 86' lang='lat' dir='ltr'><strong>cbaea</strong></span> <span class='ocrx_word' id='word_1_98' title='bbox 240 853 488 917; x_wconf 75' lang='lat' dir='ltr'><strong>pestilentia</strong></span> <span class='ocrx_word' id='word_1_99' title='bbox 511 853 833 917; x_wconf 85' lang='lat' dir='ltr'><strong>triumphabit,</strong></span> <span class='ocrx_word' id='word_1_100' title='bbox 858 865 1087 918; x_wconf 88' lang='lat' dir='ltr'><strong>totumque</strong></span> <span class='ocrx_word' id='word_1_101' title='bbox 1103 856 1319 912; x_wconf 85' lang='lat' dir='ltr'><strong>vastabit,</strong></span> <span class='ocrx_word' id='word_1_102' title='bbox 1340 866 1381 901; x_wconf 89' lang='lat' dir='ltr'><strong>et</strong></span> <span class='ocrx_word' id='word_1_103' title='bbox 1397 855 1472 918; x_wconf 86' lang='lat' dir='ltr'><strong>ip-</strong></span> 
     </span>
     <span class='ocr_line' id='line_1_12' title="bbox 96 922 1473 986; baseline 0.002 -18"><span class='ocrx_word' id='word_1_104' title='bbox 96 922 181 968; x_wconf 92' lang='lat' dir='ltr'><strong>sius</strong></span> <span class='ocrx_word' id='word_1_105' title='bbox 196 923 277 968; x_wconf 89' lang='lat' dir='ltr'><strong>Dei</strong></span> <span class='ocrx_word' id='word_1_106' title='bbox 296 934 508 986; x_wconf 85' lang='lat' dir='ltr'><strong>tanquam</strong></span> <span class='ocrx_word' id='word_1_107' title='bbox 527 923 783 968; x_wconf 83' lang='lat' dir='ltr'><strong>mutabilem</strong></span> <span class='ocrx_word' id='word_1_108' title='bbox 802 934 1004 969; x_wconf 88' lang='lat' dir='ltr'><strong>naturam</strong></span> <span class='ocrx_word' id='word_1_109' title='bbox 1017 925 1144 970; x_wconf 84' lang='lat' dir='ltr'><strong>malae</strong></span> <span class='ocrx_word' id='word_1_110' title='bbox 1161 936 1331 971; x_wconf 85' lang='lat' dir='ltr'><strong>naturae</strong></span> <span class='ocrx_word' id='word_1_111' title='bbox 1347 942 1473 971; x_wconf 88' lang='lat' dir='ltr'><strong>com—</strong></span> 
     </span>
     <span class='ocr_line' id='line_1_13' title="bbox 96 991 1474 1056; baseline 0.003 -20"><span class='ocrx_word' id='word_1_112' title='bbox 96 991 299 1038; x_wconf 83' lang='lat' dir='ltr'><strong>mixtione</strong></span> <span class='ocrx_word' id='word_1_113' title='bbox 317 993 518 1039; x_wconf 85' lang='lat' dir='ltr'><strong>violabit.</strong></span> <span class='ocrx_word' id='word_1_114' title='bbox 543 992 825 1056; x_wconf 88' lang='lat' dir='ltr'><strong>Relinquitur</strong></span> <span class='ocrx_word' id='word_1_115' title='bbox 840 1009 964 1053; x_wconf 84' lang='lat' dir='ltr'><strong>ergo,</strong></span> <span class='ocrx_word' id='word_1_116' title='bbox 983 1003 1032 1039; x_wconf 92' lang='lat' dir='ltr'><strong>ut</strong></span> <span class='ocrx_word' id='word_1_117' title='bbox 1053 994 1166 1042; x_wconf 86' lang='lat' dir='ltr'><strong>mala</strong></span> <span class='ocrx_word' id='word_1_118' title='bbox 1185 1012 1233 1041; x_wconf 90' lang='lat' dir='ltr'><strong>ex</strong></span> <span class='ocrx_word' id='word_1_119' title='bbox 1247 995 1374 1040; x_wconf 90' lang='lat' dir='ltr'><strong>bonis</strong></span> <span class='ocrx_word' id='word_1_120' title='bbox 1389 1012 1474 1040; x_wconf 87' lang='lat' dir='ltr'><strong>esse</strong></span> 
     </span>
     <span class='ocr_line' id='line_1_14' title="bbox 95 1061 1474 1126; baseline 0.002 -18"><span class='ocrx_word' id='word_1_121' title='bbox 95 1061 341 1109; x_wconf 81' lang='lat' dir='ltr'><strong>fateamur.</strong></span> <span class='ocrx_word' id='word_1_122' title='bbox 367 1062 472 1126; x_wconf 86' lang='lat' dir='ltr'><strong>quia</strong></span> <span class='ocrx_word' id='word_1_123' title='bbox 501 1063 536 1108; x_wconf 90' lang='lat' dir='ltr'><strong>si</strong></span> <span class='ocrx_word' id='word_1_124' title='bbox 558 1062 646 1108; x_wconf 89' lang='lat' dir='ltr'><strong>hoc</strong></span> <span class='ocrx_word' id='word_1_125' title='bbox 670 1064 996 1123; x_wconf 85' lang='lat' dir='ltr'><strong>negaverimus,</strong></span> <span class='ocrx_word' id='word_1_126' title='bbox 1024 1080 1072 1110; x_wconf 85' lang='lat' dir='ltr'><strong>ex</strong></span> <span class='ocrx_word' id='word_1_127' title='bbox 1096 1064 1220 1111; x_wconf 90' lang='lat' dir='ltr'><strong>malis</strong></span> <span class='ocrx_word' id='word_1_128' title='bbox 1244 1075 1393 1122; x_wconf 82' lang='lat' dir='ltr'><strong>erunt,</strong></span> <span class='ocrx_word' id='word_1_129' title='bbox 1432 1074 1474 1111; x_wconf 84' lang='lat' dir='ltr'><strong>et</strong></span> 
     </span>
     <span class='ocr_line' id='line_1_15' title="bbox 99 1133 907 1198; baseline 0.001 -19"><span class='ocrx_word' id='word_1_130' title='bbox 99 1133 361 1180; x_wconf 86' lang='lat' dir='ltr'><strong>Manichaeis</strong></span> <span class='ocrx_word' id='word_1_131' title='bbox 381 1134 532 1198; x_wconf 88' lang='lat' dir='ltr'><strong>utique</strong></span> <span class='ocrx_word' id='word_1_132' title='bbox 556 1133 907 1194; x_wconf 84' lang='lat' dir='ltr'><strong>suffragabimur.</strong></span> 
     </span>
    </p>

    <p class='ocr_par' dir='ltr' id='par_1_4' title="bbox 12 1204 1482 2512">
     <span class='ocr_line' id='line_1_16' title="bbox 162 1204 1475 1268; baseline 0.003 -19"><span class='ocrx_word' id='word_1_133' title='bbox 162 1205 369 1251; x_wconf 86' lang='lat' dir='ltr'><strong>XXXIX.</strong></span> <span class='ocrx_word' id='word_1_134' title='bbox 406 1205 475 1250; x_wconf 89' lang='lat' dir='ltr'><strong>Tu</strong></span> <span class='ocrx_word' id='word_1_135' title='bbox 495 1204 641 1268; x_wconf 90' lang='lat' dir='ltr'><strong>itaque</strong></span> <span class='ocrx_word' id='word_1_136' title='bbox 662 1205 741 1250; x_wconf 90' lang='lat' dir='ltr'><strong>ubi</strong></span> <span class='ocrx_word' id='word_1_137' title='bbox 763 1204 907 1252; x_wconf 87' lang='lat' dir='ltr'><strong>dicis:</strong></span> <span class='ocrx_word' id='word_1_138' title='bbox 933 1226 954 1248; x_wconf 74' lang='grc' dir='ltr'>α</span> <span class='ocrx_word' id='word_1_139' title='bbox 973 1207 1087 1252; x_wconf 91' lang='lat' dir='ltr'><strong>Cum</strong></span> <span class='ocrx_word' id='word_1_140' title='bbox 1111 1205 1352 1252; x_wconf 86' lang='lat' dir='ltr'><strong>secundum</strong></span> <span class='ocrx_word' id='word_1_141' title='bbox 1375 1224 1475 1253; x_wconf 86' lang='lat' dir='ltr'><strong>sen-</strong></span> 
     </span>
     <span class='ocr_line' id='line_1_17' title="bbox 97 1274 1473 1337; baseline 0.002 -17"><span class='ocrx_word' id='word_1_142' title='bbox 97 1274 274 1320; x_wconf 84' lang='lat' dir='ltr'><strong>tentiam</strong></span> <span class='ocrx_word' id='word_1_143' title='bbox 296 1275 542 1335; x_wconf 84' lang='lat' dir='ltr'><strong>Evangelii,</strong></span> <span class='ocrx_word' id='word_1_144' title='bbox 560 1292 606 1321; x_wconf 83' lang='lat' dir='ltr'><strong>ex</strong></span> <span class='ocrx_word' id='word_1_145' title='bbox 623 1274 842 1322; x_wconf 81' lang='lat' dir='ltr'><strong>fructibus</strong></span> <span class='ocrx_word' id='word_1_146' title='bbox 858 1276 945 1322; x_wconf 88' lang='lat' dir='ltr'><strong>suis</strong></span> <span class='ocrx_word' id='word_1_147' title='bbox 961 1277 1093 1322; x_wconf 88' lang='lat' dir='ltr'><strong>arbor</strong></span> <span class='ocrx_word' id='word_1_148' title='bbox 1109 1276 1264 1323; x_wconf 87' lang='lat' dir='ltr'><strong>debeat</strong></span> <span class='ocrx_word' id='word_1_149' title='bbox 1283 1278 1473 1337; x_wconf 76' lang='lat' dir='ltr'><strong>agnosci,</strong></span> 
     </span>
     <span class='ocr_line' id='line_1_18' title="bbox 97 1344 1469 1409; baseline 0.002 -19"><span class='ocrx_word' id='word_1_150' title='bbox 97 1344 174 1390; x_wconf 90' lang='lat' dir='ltr'><strong>hic</strong></span> <span class='ocrx_word' id='word_1_151' title='bbox 197 1344 437 1391; x_wconf 87' lang='lat' dir='ltr'><strong>audiendus</strong></span> <span class='ocrx_word' id='word_1_152' title='bbox 459 1356 661 1408; x_wconf 86' lang='lat' dir='ltr'><strong>putetur,</strong></span> <span class='ocrx_word' id='word_1_153' title='bbox 686 1346 763 1409; x_wconf 86' lang='lat' dir='ltr'><strong>qui</strong></span> <span class='ocrx_word' id='word_1_154' title='bbox 779 1345 888 1392; x_wconf 88' lang='lat' dir='ltr'><strong>dicit</strong></span> <span class='ocrx_word' id='word_1_155' title='bbox 903 1347 1072 1393; x_wconf 89' lang='lat' dir='ltr'><strong>bonum</strong></span> <span class='ocrx_word' id='word_1_156' title='bbox 1094 1363 1180 1393; x_wconf 89' lang='lat' dir='ltr'><strong>esse</strong></span> <span class='ocrx_word' id='word_1_157' title='bbox 1197 1348 1469 1408; x_wconf 83' lang='lat' dir='ltr'><strong>conjugium,</strong></span> 
     </span>
     <span class='ocr_line' id='line_1_19' title="bbox 100 1413 1477 1479; baseline 0.002 -19"><span class='ocrx_word' id='word_1_158' title='bbox 100 1413 153 1460; x_wconf 90' lang='lat' dir='ltr'><strong>de</strong></span> <span class='ocrx_word' id='word_1_159' title='bbox 177 1432 264 1478; x_wconf 92' lang='lat' dir='ltr'><strong>quo</strong></span> <span class='ocrx_word' id='word_1_160' title='bbox 287 1415 401 1461; x_wconf 90' lang='lat' dir='ltr'><strong>nihil</strong></span> <span class='ocrx_word' id='word_1_161' title='bbox 420 1415 539 1461; x_wconf 90' lang='lat' dir='ltr'><strong>aliud</strong></span> <span class='ocrx_word' id='word_1_162' title='bbox 567 1433 699 1479; x_wconf 86' lang='lat' dir='ltr'><strong>quam</strong></span> <span class='ocrx_word' id='word_1_163' title='bbox 728 1416 890 1462; x_wconf 85' lang='lat' dir='ltr'><strong>malum</strong></span> <span class='ocrx_word' id='word_1_164' title='bbox 920 1417 1095 1479; x_wconf 85' lang='lat' dir='ltr'><strong>prodire</strong></span> <span class='ocrx_word' id='word_1_165' title='bbox 1128 1416 1309 1463; x_wconf 82' lang='lat' dir='ltr'><strong>definit²</strong></span> <span class='ocrx_word' id='word_1_166' title='bbox 1333 1436 1345 1463; x_wconf 74' lang='grc' dir='ltr'><strong><em>ε</em></strong></span> <span class='ocrx_word' id='word_1_167' title='bbox 1369 1439 1388 1459; x_wconf 79' lang='lat' dir='ltr'><strong>n</strong></span> <span class='ocrx_word' id='word_1_168' title='bbox 1412 1418 1477 1463; x_wconf 86' lang='lat' dir='ltr'><strong>vis</strong></span> 
     </span>
     <span class='ocr_line' id='line_1_20' title="bbox 101 1484 1477 1550; baseline 0.002 -21"><span class='ocrx_word' id='word_1_169' title='bbox 101 1484 249 1547; x_wconf 92' lang='lat' dir='ltr'><strong>utique</strong></span> <span class='ocrx_word' id='word_1_170' title='bbox 268 1484 467 1530; x_wconf 87' lang='lat' dir='ltr'><strong>arborem</strong></span> <span class='ocrx_word' id='word_1_171' title='bbox 485 1485 646 1530; x_wconf 88' lang='lat' dir='ltr'><strong>bonam</strong></span> <span class='ocrx_word' id='word_1_172' title='bbox 664 1486 918 1545; x_wconf 86' lang='lat' dir='ltr'><strong>conjugium</strong></span> <span class='ocrx_word' id='word_1_173' title='bbox 936 1486 1162 1549; x_wconf 75' lang='lat' dir='ltr'><strong>deputari,</strong></span> <span class='ocrx_word' id='word_1_174' title='bbox 1186 1485 1240 1531; x_wconf 86' lang='lat' dir='ltr'><strong>de</strong></span> <span class='ocrx_word' id='word_1_175' title='bbox 1256 1503 1343 1550; x_wconf 86' lang='lat' dir='ltr'><strong>qua</strong></span> <span class='ocrx_word' id='word_1_176' title='bbox 1358 1486 1477 1532; x_wconf 83' lang='lat' dir='ltr'><strong>velut</strong></span> 
     </span>
     <span class='ocr_line' id='line_1_21' title="bbox 99 1553 1474 1619; baseline 0.001 -20"><span class='ocrx_word' id='word_1_177' title='bbox 99 1553 291 1599; x_wconf 87' lang='lat' dir='ltr'><strong>fructum</strong></span> <span class='ocrx_word' id='word_1_178' title='bbox 312 1553 482 1600; x_wconf 88' lang='lat' dir='ltr'><strong>malum</strong></span> <span class='ocrx_word' id='word_1_179' title='bbox 500 1555 619 1600; x_wconf 86' lang='lat' dir='ltr'><strong>nasci</strong></span> <span class='ocrx_word' id='word_1_180' title='bbox 635 1572 724 1600; x_wconf 89' lang='lat' dir='ltr'><strong>non</strong></span> <span class='ocrx_word' id='word_1_181' title='bbox 745 1555 808 1601; x_wconf 88' lang='lat' dir='ltr'><strong>vis</strong></span> <span class='ocrx_word' id='word_1_182' title='bbox 829 1555 1051 1601; x_wconf 91' lang='lat' dir='ltr'><strong>hominem</strong></span> <span class='ocrx_word' id='word_1_183' title='bbox 1075 1555 1276 1615; x_wconf 89' lang='lat' dir='ltr'><strong>contagio</strong></span> <span class='ocrx_word' id='word_1_184' title='bbox 1304 1557 1474 1619; x_wconf 87' lang='lat' dir='ltr'><strong>peccati</strong></span> 
     </span>
     <span class='ocr_line' id='line_1_22' title="bbox 102 1624 1477 1684; baseline 0.002 -15"><span class='ocrx_word' id='word_1_185' title='bbox 102 1624 320 1684; x_wconf 86' lang='lat' dir='ltr'><strong>originalis</strong></span> <span class='ocrx_word' id='word_1_186' title='bbox 343 1624 603 1670; x_wconf 84' lang='lat' dir='ltr'><strong>obstrictum</strong></span> <span class='ocrx_word' id='word_1_187' title='bbox 625 1642 636 1670; x_wconf 73' lang='grc' dir='ltr'>ι</span> <span class='ocrx_word' id='word_1_188' title='bbox 660 1642 738 1670; x_wconf 89' lang='lat' dir='ltr'><strong>nec</strong></span> <span class='ocrx_word' id='word_1_189' title='bbox 763 1625 879 1671; x_wconf 86' lang='lat' dir='ltr'><strong>vides</strong></span> <span class='ocrx_word' id='word_1_190' title='bbox 904 1643 1073 1672; x_wconf 87' lang='lat' dir='ltr'><strong>necesse</strong></span> <span class='ocrx_word' id='word_1_191' title='bbox 1099 1627 1182 1671; x_wconf 91' lang='lat' dir='ltr'><strong>tibi</strong></span> <span class='ocrx_word' id='word_1_192' title='bbox 1199 1643 1288 1671; x_wconf 90' lang='lat' dir='ltr'><strong>esse</strong></span> <span class='ocrx_word' id='word_1_193' title='bbox 1311 1626 1477 1672; x_wconf 85' lang='lat' dir='ltr'><strong>adulte—</strong></span> 
     </span>
     <span class='ocr_line' id='line_1_23' title="bbox 101 1695 1479 1755; baseline 0 -15"><span class='ocrx_word' id='word_1_194' title='bbox 101 1695 215 1740; x_wconf 84' lang='lat' dir='ltr'><strong>rium</strong></span> <span class='ocrx_word' id='word_1_195' title='bbox 236 1695 496 1740; x_wconf 88' lang='lat' dir='ltr'><strong>constituere</strong></span> <span class='ocrx_word' id='word_1_196' title='bbox 526 1695 728 1740; x_wconf 88' lang='lat' dir='ltr'><strong>arborem</strong></span> <span class='ocrx_word' id='word_1_197' title='bbox 749 1695 908 1741; x_wconf 88' lang='lat' dir='ltr'><strong>malam</strong></span> <span class='ocrx_word' id='word_1_198' title='bbox 929 1715 940 1749; x_wconf 83' lang='lat'><em>3</em></span> <span class='ocrx_word' id='word_1_199' title='bbox 970 1695 1005 1741; x_wconf 90' lang='lat' dir='ltr'><strong>si</strong></span> <span class='ocrx_word' id='word_1_200' title='bbox 1032 1696 1286 1755; x_wconf 87' lang='lat' dir='ltr'><strong>conjugium</strong></span> <span class='ocrx_word' id='word_1_201' title='bbox 1311 1707 1374 1741; x_wconf 88' lang='lat' dir='ltr'><strong>est</strong></span> <span class='ocrx_word' id='word_1_202' title='bbox 1408 1712 1479 1740; x_wconf 88' lang='lat' dir='ltr'><strong>ar·-</strong></span> 
     </span>
     <span class='ocr_line' id='line_1_24' title="bbox 102 1764 1479 1830; baseline 0.001 -20"><span class='ocrx_word' id='word_1_203' title='bbox 102 1765 185 1810; x_wconf 88' lang='lat' dir='ltr'><strong>bor</strong></span> <span class='ocrx_word' id='word_1_204' title='bbox 204 1765 336 1811; x_wconf 87' lang='lat' dir='ltr'><strong>bona.</strong></span> <span class='ocrx_word' id='word_1_205' title='bbox 368 1765 433 1810; x_wconf 91' lang='lat' dir='ltr'><strong>Ac</strong></span> <span class='ocrx_word' id='word_1_206' title='bbox 455 1781 534 1828; x_wconf 85' lang='lat' dir='ltr'><strong>per</strong></span> <span class='ocrx_word' id='word_1_207' title='bbox 552 1764 640 1811; x_wconf 89' lang='lat' dir='ltr'><strong>hoc</strong></span> <span class='ocrx_word' id='word_1_208' title='bbox 667 1765 702 1810; x_wconf 87' lang='lat' dir='ltr'><strong>si</strong></span> <span class='ocrx_word' id='word_1_209' title='bbox 724 1764 778 1810; x_wconf 92' lang='lat' dir='ltr'><strong>de</strong></span> <span class='ocrx_word' id='word_1_210' title='bbox 796 1765 999 1826; x_wconf 88' lang='lat' dir='ltr'><strong>conjugio</strong></span> <span class='ocrx_word' id='word_1_211' title='bbox 1022 1766 1099 1830; x_wconf 83' lang='lat' dir='ltr'><strong>qui</strong></span> <span class='ocrx_word' id='word_1_212' title='bbox 1120 1765 1341 1819; x_wconf 80' lang='lat' dir='ltr'><strong>nascitur3</strong></span> <span class='ocrx_word' id='word_1_213' title='bbox 1369 1782 1479 1810; x_wconf 90' lang='lat' dir='ltr'><strong>con-</strong></span> 
     </span>
     <span class='ocr_line' id='line_1_25' title="bbox 12 1833 1479 1896; baseline 0 -17"><span class='ocrx_word' id='word_1_214' title='bbox 12 1889 16 1896; x_wconf 36' lang='grc'>,</span> <span class='ocrx_word' id='word_1_215' title='bbox 98 1834 210 1895; x_wconf 78' lang='lat' dir='ltr'><strong>jugii</strong></span> <span class='ocrx_word' id='word_1_216' title='bbox 224 1833 392 1880; x_wconf 82' lang='lat' dir='ltr'><strong>fructus</strong></span> <span class='ocrx_word' id='word_1_217' title='bbox 408 1844 494 1890; x_wconf 80' lang='lat' dir='ltr'><strong>est,</strong></span> <span class='ocrx_word' id='word_1_218' title='bbox 521 1844 562 1880; x_wconf 91' lang='lat' dir='ltr'><strong>et</strong></span> <span class='ocrx_word' id='word_1_219' title='bbox 581 1834 679 1880; x_wconf 89' lang='lat' dir='ltr'><strong>ideo</strong></span> <span class='ocrx_word' id='word_1_220' title='bbox 698 1834 829 1880; x_wconf 87' lang='lat' dir='ltr'><strong>debet</strong></span> <span class='ocrx_word' id='word_1_221' title='bbox 850 1852 937 1881; x_wconf 87' lang='lat' dir='ltr'><strong>esse</strong></span> <span class='ocrx_word' id='word_1_222' title='bbox 954 1835 1045 1881; x_wconf 88' lang='lat' dir='ltr'><strong>sine</strong></span> <span class='ocrx_word' id='word_1_223' title='bbox 1073 1834 1179 1881; x_wconf 83' lang='lat' dir='ltr'><strong>vitio</strong></span> <span class='ocrx_word' id='word_1_224' title='bbox 1195 1872 1206 1891; x_wconf 87' lang='lat'><strong><em>‚</em></strong></span> <span class='ocrx_word' id='word_1_225' title='bbox 1226 1852 1280 1880; x_wconf 88' lang='lat' dir='ltr'><strong>ne</strong></span> <span class='ocrx_word' id='word_1_226' title='bbox 1310 1834 1479 1881; x_wconf 85' lang='lat' dir='ltr'><strong>fructus</strong></span> 
     </span>
     <span class='ocr_line' id='line_1_26' title="bbox 12 1904 1479 1971; baseline 0.001 -23"><span class='ocrx_word' id='word_1_227' title='bbox 12 1928 20 1971; x_wconf 28' lang='grc' dir='ltr'><strong>ια,</strong></span> <span class='ocrx_word' id='word_1_228' title='bbox 55 1936 65 1947; x_wconf 79' lang='grc'><strong>.</strong></span> <span class='ocrx_word' id='word_1_229' title='bbox 103 1904 243 1950; x_wconf 87' lang='lat' dir='ltr'><strong>malus</strong></span> <span class='ocrx_word' id='word_1_230' title='bbox 259 1914 462 1950; x_wconf 85' lang='lat' dir='ltr'><strong>nascatur</strong></span> <span class='ocrx_word' id='word_1_231' title='bbox 483 1921 531 1950; x_wconf 82' lang='lat' dir='ltr'><strong>ex</strong></span> <span class='ocrx_word' id='word_1_232' title='bbox 553 1905 707 1951; x_wconf 88' lang='lat' dir='ltr'><strong>arbore</strong></span> <span class='ocrx_word' id='word_1_233' title='bbox 728 1906 846 1951; x_wconf 85' lang='lat' dir='ltr'><strong>bona</strong></span> <span class='ocrx_word' id='word_1_234' title='bbox 867 1923 878 1951; x_wconf 77' lang='lat' dir='ltr'><strong>t</strong></span> <span class='ocrx_word' id='word_1_235' title='bbox 899 1906 1094 1969; x_wconf 88' lang='lat' dir='ltr'><strong>sequitur</strong></span> <span class='ocrx_word' id='word_1_236' title='bbox 1118 1915 1167 1951; x_wconf 92' lang='lat' dir='ltr'><strong>ut</strong></span> <span class='ocrx_word' id='word_1_237' title='bbox 1189 1905 1267 1969; x_wconf 90' lang='lat' dir='ltr'><strong>qui</strong></span> <span class='ocrx_word' id='word_1_238' title='bbox 1287 1904 1340 1951; x_wconf 85' lang='lat' dir='ltr'><strong>de</strong></span> <span class='ocrx_word' id='word_1_239' title='bbox 1357 1904 1479 1950; x_wconf 88' lang='lat' dir='ltr'><strong>adul-</strong></span> 
     </span>
     <span class='ocr_line' id='line_1_27' title="bbox 105 1974 1481 2031; baseline 0.001 -12"><span class='ocrx_word' id='word_1_240' title='bbox 105 1975 212 2020; x_wconf 90' lang='lat' dir='ltr'><strong>terio</strong></span> <span class='ocrx_word' id='word_1_241' title='bbox 242 1975 459 2031; x_wconf 78' lang='lat' dir='ltr'><strong>nascitur,</strong></span> <span class='ocrx_word' id='word_1_242' title='bbox 494 1991 582 2020; x_wconf 91' lang='lat' dir='ltr'><strong>non</strong></span> <span class='ocrx_word' id='word_1_243' title='bbox 605 1974 762 2021; x_wconf 89' lang='lat' dir='ltr'><strong>debeat</strong></span> <span class='ocrx_word' id='word_1_244' title='bbox 796 1976 915 2022; x_wconf 86' lang='lat' dir='ltr'><strong>nasci</strong></span> <span class='ocrx_word' id='word_1_245' title='bbox 937 1977 1026 2021; x_wconf 83' lang='lat' dir='ltr'><strong>sine</strong></span> <span class='ocrx_word' id='word_1_246' title='bbox 1061 1976 1192 2031; x_wconf 81' lang='lat' dir='ltr'><strong>vitio,</strong></span> <span class='ocrx_word' id='word_1_247' title='bbox 1228 1992 1281 2020; x_wconf 92' lang='lat' dir='ltr'><strong>ne</strong></span> <span class='ocrx_word' id='word_1_248' title='bbox 1312 1975 1481 2021; x_wconf 87' lang='lat' dir='ltr'><strong>fructus</strong></span> 
     </span>
     <span class='ocr_line' id='line_1_28' title="bbox 105 2044 1477 2109; baseline -0.001 -19"><span class='ocrx_word' id='word_1_249' title='bbox 105 2044 246 2090; x_wconf 88' lang='lat' dir='ltr'><strong>bonus</strong></span> <span class='ocrx_word' id='word_1_250' title='bbox 269 2055 470 2090; x_wconf 85' lang='lat' dir='ltr'><strong>nascatur</strong></span> <span class='ocrx_word' id='word_1_251' title='bbox 489 2062 535 2090; x_wconf 90' lang='lat' dir='ltr'><strong>ex</strong></span> <span class='ocrx_word' id='word_1_252' title='bbox 563 2045 716 2091; x_wconf 87' lang='lat' dir='ltr'><strong>arbore</strong></span> <span class='ocrx_word' id='word_1_253' title='bbox 735 2045 847 2091; x_wconf 89' lang='lat' dir='ltr'><strong>mala</strong></span> <span class='ocrx_word' id='word_1_254' title='bbox 872 2062 882 2090; x_wconf 90' lang='lat'>:</span> <span class='ocrx_word' id='word_1_255' title='bbox 908 2045 1119 2109; x_wconf 84' lang='lat' dir='ltr'><strong>quoniam</strong></span> <span class='ocrx_word' id='word_1_256' title='bbox 1153 2045 1367 2091; x_wconf 88' lang='lat' dir='ltr'><strong>Dominus</strong></span> <span class='ocrx_word' id='word_1_257' title='bbox 1397 2060 1477 2090; x_wconf 90' lang='lat' dir='ltr'><strong>nec</strong></span> 
     </span>
     <span class='ocr_line' id='line_1_29' title="bbox 107 2114 1477 2171; baseline -0.001 -11"><span class='ocrx_word' id='word_1_258' title='bbox 107 2132 131 2160; x_wconf 87' lang='lat' dir='ltr'><strong>a</strong></span> <span class='ocrx_word' id='word_1_259' title='bbox 163 2115 281 2160; x_wconf 89' lang='lat' dir='ltr'><strong>bona</strong></span> <span class='ocrx_word' id='word_1_260' title='bbox 311 2115 465 2160; x_wconf 87' lang='lat' dir='ltr'><strong>arbore</strong></span> <span class='ocrx_word' id='word_1_261' title='bbox 496 2116 589 2160; x_wconf 89' lang='lat' dir='ltr'><strong>fieri</strong></span> <span class='ocrx_word' id='word_1_262' title='bbox 622 2114 790 2162; x_wconf 87' lang='lat' dir='ltr'><strong>fructus</strong></span> <span class='ocrx_word' id='word_1_263' title='bbox 815 2115 951 2161; x_wconf 87' lang='lat' dir='ltr'><strong>malos</strong></span> <span class='ocrx_word' id='word_1_264' title='bbox 970 2152 981 2171; x_wconf 88' lang='grc'>,</span> <span class='ocrx_word' id='word_1_265' title='bbox 1007 2132 1087 2160; x_wconf 88' lang='lat' dir='ltr'><strong>nec</strong></span> <span class='ocrx_word' id='word_1_266' title='bbox 1111 2133 1134 2160; x_wconf 85' lang='lat' dir='ltr'><strong>a</strong></span> <span class='ocrx_word' id='word_1_267' title='bbox 1163 2115 1282 2160; x_wconf 82' lang='lat' dir='ltr'><strong>mala</strong></span> <span class='ocrx_word' id='word_1_268' title='bbox 1309 2116 1477 2167; x_wconf 82' lang='lat' dir='ltr'><strong>bonos,</strong></span> 
     </span>
     <span class='ocr_line' id='line_1_30' title="bbox 107 2185 1480 2247; baseline -0.001 -17"><span class='ocrx_word' id='word_1_269' title='bbox 107 2185 253 2230; x_wconf 81' lang='lat' dir='ltr'><strong>divina</strong></span> <span class='ocrx_word' id='word_1_270' title='bbox 280 2185 534 2230; x_wconf 86' lang='lat' dir='ltr'><strong>auctoritate</strong></span> <span class='ocrx_word' id='word_1_271' title='bbox 551 2185 717 2232; x_wconf 84' lang='lat' dir='ltr'><strong>definit.</strong></span> <span class='ocrx_word' id='word_1_272' title='bbox 756 2187 815 2230; x_wconf 89' lang='lat' dir='ltr'><strong>Ut</strong></span> <span class='ocrx_word' id='word_1_273' title='bbox 839 2202 940 2244; x_wconf 81' lang='lat' dir='ltr'><strong>ergo</strong></span> <span class='ocrx_word' id='word_1_274' title='bbox 971 2185 1077 2230; x_wconf 86' lang='lat' dir='ltr'><strong>hinc</strong></span> <span class='ocrx_word' id='word_1_275' title='bbox 1096 2201 1213 2229; x_wconf 84' lang='lat' dir='ltr'><strong>exeas</strong></span> <span class='ocrx_word' id='word_1_276' title='bbox 1231 2221 1242 2240; x_wconf 86' lang='lat'><strong><em>‚</em></strong></span> <span class='ocrx_word' id='word_1_277' title='bbox 1276 2185 1379 2247; x_wconf 84' lang='lat' dir='ltr'><strong>quia</strong></span> <span class='ocrx_word' id='word_1_278' title='bbox 1401 2199 1480 2229; x_wconf 90' lang='lat' dir='ltr'><strong>nec</strong></span> 
     </span>
     <span class='ocr_line' id='line_1_31' title="bbox 108 2254 1482 2317; baseline -0.001 -17"><span class='ocrx_word' id='word_1_279' title='bbox 108 2254 162 2300; x_wconf 89' lang='lat' dir='ltr'><strong>de</strong></span> <span class='ocrx_word' id='word_1_280' title='bbox 185 2254 396 2300; x_wconf 87' lang='lat' dir='ltr'><strong>adulterio</strong></span> <span class='ocrx_word' id='word_1_281' title='bbox 413 2254 521 2300; x_wconf 82' lang='lat' dir='ltr'><strong>dicis</strong></span> <span class='ocrx_word' id='word_1_282' title='bbox 540 2254 762 2300; x_wconf 89' lang='lat' dir='ltr'><strong>hominem</strong></span> <span class='ocrx_word' id='word_1_283' title='bbox 783 2255 902 2299; x_wconf 84' lang='lat' dir='ltr'><strong>nasci</strong></span> <span class='ocrx_word' id='word_1_284' title='bbox 919 2271 1041 2317; x_wconf 81' lang='lat' dir='ltr'><strong>posse</strong></span> <span class='ocrx_word' id='word_1_285' title='bbox 1062 2271 1164 2300; x_wconf 86' lang='lat' dir='ltr'><strong>cum</strong></span> <span class='ocrx_word' id='word_1_286' title='bbox 1183 2254 1290 2300; x_wconf 78' lang='lat' dir='ltr'><strong>vitio</strong></span> <span class='ocrx_word' id='word_1_287' title='bbox 1310 2291 1320 2310; x_wconf 88' lang='lat'>‚</span> <span class='ocrx_word' id='word_1_288' title='bbox 1347 2271 1482 2314; x_wconf 89' lang='lat' dir='ltr'><strong>nega-</strong></span> 
     </span>
     <span class='ocr_line' id='line_1_32' title="bbox 107 2324 1480 2387; baseline 0 -18"><span class='ocrx_word' id='word_1_289' title='bbox 107 2325 175 2370; x_wconf 90' lang='lat' dir='ltr'><strong>bis</strong></span> <span class='ocrx_word' id='word_1_290' title='bbox 194 2325 452 2371; x_wconf 86' lang='lat' dir='ltr'><strong>adulterium</strong></span> <span class='ocrx_word' id='word_1_291' title='bbox 468 2342 552 2369; x_wconf 86' lang='lat' dir='ltr'><strong>esse</strong></span> <span class='ocrx_word' id='word_1_292' title='bbox 571 2325 770 2370; x_wconf 83' lang='lat' dir='ltr'><strong>arborem</strong></span> <span class='ocrx_word' id='word_1_293' title='bbox 790 2324 966 2380; x_wconf 85' lang='lat' dir='ltr'><strong>malam,</strong></span> <span class='ocrx_word' id='word_1_294' title='bbox 988 2341 1040 2369; x_wconf 88' lang='lat' dir='ltr'><strong>ne</strong></span> <span class='ocrx_word' id='word_1_295' title='bbox 1056 2324 1126 2369; x_wconf 88' lang='lat' dir='ltr'><strong>ille</strong></span> <span class='ocrx_word' id='word_1_296' title='bbox 1143 2325 1220 2387; x_wconf 87' lang='lat' dir='ltr'><strong>qui</strong></span> <span class='ocrx_word' id='word_1_297' title='bbox 1241 2325 1399 2370; x_wconf 86' lang='lat' dir='ltr'><strong>secund</strong></span> <span class='ocrx_word' id='word_1_298' title='bbox 1409 2341 1480 2370; x_wconf 91' lang='lat' dir='ltr'><strong>um</strong></span> 
     </span>
     <span class='ocr_line' id='line_1_33' title="bbox 107 2394 1480 2450; baseline 0 -11"><span class='ocrx_word' id='word_1_299' title='bbox 107 2405 151 2440; x_wconf 91' lang='lat' dir='ltr'><strong>te</strong></span> <span class='ocrx_word' id='word_1_300' title='bbox 177 2395 265 2441; x_wconf 90' lang='lat' dir='ltr'><strong>sine</strong></span> <span class='ocrx_word' id='word_1_301' title='bbox 296 2395 402 2441; x_wconf 84' lang='lat' dir='ltr'><strong>vitio</strong></span> <span class='ocrx_word' id='word_1_302' title='bbox 432 2395 484 2440; x_wconf 90' lang='lat' dir='ltr'><strong>de</strong></span> <span class='ocrx_word' id='word_1_303' title='bbox 508 2394 719 2441; x_wconf 86' lang='lat' dir='ltr'><strong>adulterio</strong></span> <span class='ocrx_word' id='word_1_304' title='bbox 748 2396 936 2441; x_wconf 85' lang='lat' dir='ltr'><strong>nascitur</strong></span> <span class='ocrx_word' id='word_1_305' title='bbox 957 2431 968 2450; x_wconf 91' lang='lat'><strong>‚</strong></span> <span class='ocrx_word' id='word_1_306' title='bbox 1006 2405 1157 2440; x_wconf 84' lang='lat' dir='ltr'><strong>contra</strong></span> <span class='ocrx_word' id='word_1_307' title='bbox 1184 2394 1480 2440; x_wconf 86' lang='lat' dir='ltr'><strong>definitionem</strong></span> 
     </span>
     <span class='ocr_line' id='line_1_34' title="bbox 108 2463 1477 2512; baseline 0.001 -2"><span class='ocrx_word' id='word_1_308' title='bbox 108 2466 289 2512; x_wconf 88' lang='lat' dir='ltr'><strong>Domini</strong></span> <span class='ocrx_word' id='word_1_309' title='bbox 313 2466 456 2512; x_wconf 90' lang='lat' dir='ltr'><strong>bonus</strong></span> <span class='ocrx_word' id='word_1_310' title='bbox 487 2465 656 2512; x_wconf 83' lang='lat' dir='ltr'><strong>fructus</strong></span> <span class='ocrx_word' id='word_1_311' title='bbox 688 2468 806 2512; x_wconf 89' lang='lat' dir='ltr'><strong>nasci</strong></span> <span class='ocrx_word' id='word_1_312' title='bbox 838 2466 892 2512; x_wconf 88' lang='lat' dir='ltr'><strong>de</strong></span> <span class='ocrx_word' id='word_1_313' title='bbox 927 2465 1040 2511; x_wconf 86' lang='lat' dir='ltr'><strong>mala</strong></span> <span class='ocrx_word' id='word_1_314' title='bbox 1073 2465 1228 2511; x_wconf 85' lang='lat' dir='ltr'><strong>arbore</strong></span> <span class='ocrx_word' id='word_1_315' title='bbox 1263 2463 1477 2512; x_wconf 82' lang='lat' dir='ltr'><strong>videatur.</strong></span> 
     </span>
    </p>

    <p class='ocr_par' dir='ltr' id='par_1_5' title="bbox 158 2547 1349 2593">
     <span class='ocr_line' id='line_1_35' title="bbox 158 2547 1349 2593; baseline 0.001 -13"><span class='ocrx_word' id='word_1_316' title='bbox 158 2548 168 2570; x_wconf 86' lang='lat'><strong>¹</strong></span> <span class='ocrx_word' id='word_1_317' title='bbox 188 2549 306 2583; x_wconf 72' lang='lat' dir='ltr'><strong>Manli.</strong></span> <span class='ocrx_word' id='word_1_318' title='bbox 327 2560 371 2587; x_wconf 76' lang='lat' dir='ltr'><strong>vt,</strong></span> <span class='ocrx_word' id='word_1_319' title='bbox 398 2550 448 2580; x_wconf 76' lang='lat'><strong>13.</strong></span> <span class='ocrx_word' id='word_1_320' title='bbox 466 2547 538 2572; x_wconf 78' lang='lat'><strong>...2</strong></span> <span class='ocrx_word' id='word_1_321' title='bbox 559 2549 641 2580; x_wconf 73' lang='lat' dir='ltr'><strong>Vide</strong></span> <span class='ocrx_word' id='word_1_322' title='bbox 658 2549 715 2583; x_wconf 75' lang='lat' dir='ltr'><strong>lili.</strong></span> <span class='ocrx_word' id='word_1_323' title='bbox 737 2560 765 2582; x_wconf 81' lang='lat'><strong>2,</strong></span> <span class='ocrx_word' id='word_1_324' title='bbox 784 2550 823 2582; x_wconf 79' lang='lat' dir='ltr'><strong>de</strong></span> <span class='ocrx_word' id='word_1_325' title='bbox 842 2553 932 2592; x_wconf 78' lang='lat' dir='ltr'><strong>nupt,</strong></span> <span class='ocrx_word' id='word_1_326' title='bbox 954 2553 982 2579; x_wconf 80' lang='lat' dir='ltr'><strong>el</strong></span> <span class='ocrx_word' id='word_1_327' title='bbox 1003 2549 1186 2593; x_wconf 84' lang='lat' dir='ltr'><strong>concupisc.</strong></span> <span class='ocrx_word' id='word_1_328' title='bbox 1207 2559 1276 2592; x_wconf 81' lang='lat' dir='ltr'><strong>cap.</strong></span> <span class='ocrx_word' id='word_1_329' title='bbox 1295 2547 1349 2581; x_wconf 57' lang='grc' dir='ltr'><strong>πθ.</strong></span> 
     </span>
    </p>
   </div>
  </div>
 </body>
</html>
