1843 3190
220 366 397 398 CONTRA
429 363 658 399 JULIANUM
693 365 1000 408 PELAGIANUM,
1043 368 1131 400 [ΑΒ.
1173 371 1234 403 lv.
1307 356 1400 419 307

36 432 183 496 inquis
199 469 211 490 ‚
250 432 442 492 gentium
466 430 624 478 citetur
648 431 850 491 magister
866 468 878 489 ‚
915 432 993 496 q'ui
1015 433 1206 481 scribens
1237 435 1293 481 ad
1316 439 1408 482 Co'-

38 503 226 549 rihthios
250 503 310 549 ait
328 522 340 548 =
361 502 534 564 Corpus
555 506 752 547 nostrum
775 519 865 547 non
890 513 952 548 est
966 518 1104 549 unum
1126 505 1374 551 membrum
1395 543 1408 562 ‚

40 572 114 619 sed
132 572 310 620 multa1.
335 594 356 615 »
374 571 543 617 Deinde
555 608 566 628 ‚
587 588 689 617 cum
708 572 945 634 apostolica
964 573 1098 619 verba
1117 575 1408 631 subnecteres3

41 643 202 706 quibus
233 642 307 689 ille
338 642 520 688 mirifice
558 641 791 704 explieavit
826 642 1036 689 imitatem
1073 645 1414 708 consensumque

41 713 340 758 membrorum
367 730 379 758 ε
404 733 424 755 c<
444 712 500 758 Et
534 712 636 775 quia
654 717 822 775 pauca,
847 713 993 777 inquis
1014 737 1026 771 ‚¹
1063 715 1195 761 to'tiu's
1219 714 1413 779 corporis

44 784 240 829 membra
254 783 553 830 nominaverat
570 820 580 838 ‚
609 793 737 846 atque
762 790 843 847 pro
862 801 938 830 sua
966 784 1190 832 honestate
1216 785 1418 847 genitalia

43 852 140 898 loca
163 853 325 899 directe
343 853 561 917 appellare
576 853 766 899 nolebat.
792 875 813 896 >2
833 855 988 901 Nonne
1007 855 1076 902 his
1096 856 1238 902 verbis
1266 856 1350 902 tuis
1376 856 1418 902 te

42 923 135 987 ipse
156 924 409 984 redarguis?
434 924 645 969 Honestas
661 941 761 984 ergo
780 935 871 970 erat
888 930 978 971 non
997 926 1216 989 appellare
1235 925 1415 982 directe,

43 993 165 1056 quod
189 995 304 1039 Deus
326 993 464 1040 facere
486 994 689 1054 dignatus
707 1005 769 1041 est
790 1006 904 1041 recte
922 1016 934 1050 ;
957 1007 997 1042 et
1022 996 1142 1059 quod
1170 1013 1314 1042 creare
1333 1013 1422 1042 non

44 1063 264 1126 puduerat
279 1065 422 1128 ipsum
438 1064 634 1124 judicem
648 1102 659 1121 ‚
686 1064 884 1128 pudebat
901 1067 1126 1112 enuntiare
1144 1068 1422 1130 praeconem?

46 1134 237 1190 Quando
257 1135 375 1181 istud
399 1135 461 1180 ita
481 1146 586 1180 esset
603 1172 615 1191 ,
642 1136 724 1181 nisi
741 1140 840 1198 quae
855 1135 928 1181 ille
946 1135 1105 1182 fecerat
1120 1137 1304 1182 honesta
1324 1138 1428 1182 con'-

49 1204 222 1262 dendo,
243 1223 323 1251 nos
337 1205 581 1251 fecissemus
604 1205 833 1250 inhonesta
851 1206 1113 1268 peccando?

115 1242 295 1322 LXXX.
338 1274 447 1320 Inde
470 1274 698 1334 subjungis
724 1274 777 1320 de
797 1275 882 1320 hac
914 1292 959 1321 1e
986 1275 1276 1338 apostolicum
1309 1275 1430 1322 testi—

46 1345 274 1402 monium,
302 1345 423 1409 quod
446 1346 505 1391 ita
527 1346 741 1408 scriptum
765 1362 851 1391 esse
874 1362 1260 1392 commemoras«
1283 1336 1426 1392 Multo

45 1416 162 1461 enim
184 1416 321 1476 magis
344 1432 444 1479 quae
465 1415 668 1463 videntur
697 1416 870 1461 infirma
893 1433 978 1462 esse
1004 1417 1199 1479 corporis
1234 1415 1425 1472 nostri1‚

44 1487 144 1532 hae‘c
169 1487 406 1532 necessaria
431 1497 532 1532 sunt
559 1504 570 1531 :
609 1496 650 1532 et
675 1503 776 1549 quae
811 1493 1016 1549 putamus
1051 1486 1429 1532 inhonorabiliora

45 1574 131 1602 esse
154 1557 351 1603 membra
377 1556 573 1620 corporis
593 1594 604 1614 ‚
627 1556 696 1602 his
720 1556 935 1602 honorem
962 1556 1325 1603 abundantiorem
1345 1556 1429 1601 cir-

45 1627 333 1680 cumdamus3
375 1638 418 1673 et
448 1644 550 1690 quae
589 1626 835 1673 verecunda
868 1637 970 1672 sunt
1002 1630 1178 1683 nostra,
1219 1629 1427 1686 majorem

45 1696 318 1742 honestatem
350 1697 522 1743 habent
554 1714 565 1741 ε
602 1704 703 1759 quae
732 1707 874 1742 autem
911 1707 1012 1743 sunt
1042 1697 1226 1742 honesta
1250 1705 1425 1752 nostra,

46 1766 168 1812 nullo
191 1775 346 1826 egent3
371 1766 445 1812 sed
470 1768 584 1812 Deus
609 1766 870 1829 temperavit
900 1772 1082 1829 coers,
1110 1766 1148 1812 ei
1179 1765 1251 1812 cui
1281 1764 1428 1811 deerat

50 1835 368 1882 abundantiore
385 1835 490 1882 dato
507 1836 676 1882 honore
692 1873 702 1892 ‚
723 1847 772 1882 ut
787 1845 875 1882 non
894 1837 947 1883 sit
961 1837 1143 1882 scissura
1155 1836 1201 1882 in
1221 1842 1421 1898 corpore,

0 1950 1 1972 Ξ
48 1906 122 1952 sed
142 1906 291 1953 eadem
315 1908 409 1971 ipsa
429 1915 511 1971 pro
532 1924 575 1954 se
596 1907 784 1953 invicem
811 1908 1002 1968 cogitent
1025 1907 1234 1953 membra.
1261 1927 1282 1971 .”
1306 1905 1424 1962 Qui-

48 1976 131 2022 bus
157 1976 285 2023 dictis
309 1989 519 2041 tanquam
543 1977 684 2024 victor
713 1976 923 2023 exclamas
947 1995 957 2022 :
985 1998 1006 2018 c<
1026 1978 1094 2022 En
1117 1993 1269 2023 verum
1291 1974 1424 2021 intel-

48 2045 256 2093 lectorem
279 2048 420 2111 operis
441 2048 547 2103 Dei,
574 2064 627 2093 en
654 2046 826 2092 fidelem
850 2047 1072 2111 sapientiae
1095 2049 1185 2106 ejus
1201 2045 1424 2109 praedica-

49 2126 201 2163 torem.
244 2116 564 2167 Verecundiora
582 2153 593 2173 ‚
623 2117 794 2181 inquit,
831 2128 978 2163 nostra
1011 2120 1172 2176 majore
1201 2116 1425 2182 honestate

51 2198 354 2247 conteguntur.
379 2210 399 2230 >2
421 2187 489 2234 Ad
506 2188 593 2233 hoc
610 2198 722 2232 certe
740 2204 877 2233 unum
893 2188 1078 2234 verbum
1098 2197 1234 2232 totam
1249 2190 1424 2231 causam

52 2266 172 2302 tuam
191 2257 455 2317 religandam
470 2257 648 2321 putasti,
663 2257 783 2320 quod
806 2257 1064 2320 Apostolum
1090 2256 1242 2302 dixisse
1257 2254 1418 2315 legisti,

52 2348 73 2369 «
94 2326 418 2374 Verecundiora
438 2338 603 2374 nostra.
628 2348 649 2369 »
677 2327 723 2372 Si
750 2338 893 2373 autem
917 2327 1108 2388 legisses,
1145 2325 1421 2370 «Inhonesta

52 2405 198 2447 nostra
214 2420 270 2454 ,122
290 2398 411 2444 nullo
429 2398 559 2444 modo
583 2398 734 2461 utique
750 2398 837 2443 hoc
858 2397 1152 2443 testimonium
1168 2412 1330 2459 ponere
1347 2411 1421 2440 au-

54 2466 186 2515 deres.
215 2467 348 2514 Nullo
377 2469 510 2514 modo
532 2468 647 2515 enim
674 2472 792 2513 Deus
810 2504 821 2523 ‚
849 2478 891 2513 et
917 2468 1005 2513 hoc
1027 2466 1146 2530 quod
1175 2471 1238 2511 est
1264 2467 1417 2527 pejus,

55 2547 154 2583 ante
174 2546 434 2600 peccatum,
458 2538 622 2601 aliquid
642 2536 833 2583 faceret
822 2555 866 2583 ln
890 2537 1095 2583 membris
1117 2534 1300 2581 humani
1319 2550 1422 2578 cor-

50 2607 171 2670 poris
196 2608 492 2656 inhonestum.
521 2609 651 2654 Disce
673 2615 774 2668 ergo
788 2609 910 2673 quod
929 2608 1094 2664 nescis,
1117 2606 1222 2670 quia
1243 2603 1422 2664 diligen-

139 2699 154 2720 1
175 2691 252 2725 Cor.
268 2698 331 2732 xu,
349 2698 404 2729 14.
419 2689 588 2725 -21bid.
607 2701 661 2730 22,
681 2696 712 2723 et
731 2701 824 2733 seqq

1218 2755 1294 2787 20.
