1843 3190
383 259 470 290 110
711 269 715 270 ⁷
785 256 822 288 S.
863 255 1106 287 AUGUSTINI
1141 253 1344 285 EPISCOPI

375 324 445 370 vel
461 321 738 378 interimant,
766 337 868 367 cum
889 321 1097 367 sententia
1122 321 1298 377 Domini
1318 320 1541 367 manifesta
1559 321 1612 367 sit
1630 359 1641 378 ‚
1662 339 1749 386 qua

376 410 444 439 eas
455 392 625 438 homini
641 391 856 447 subdidit,
874 402 923 436 ut
940 407 1086 436 earum
1105 391 1268 436 habeat
1284 391 1580 454 potestatem&
1603 393 1750 449 Quam

378 464 661 528 quaestionem
700 463 759 508 sic
790 462 942 519 solvit,
971 473 1018 508 ut
1043 461 1188 517 dicat,
1222 472 1319 507 ante
1341 472 1572 526 peccatum
1603 480 1752 508 omnes
1793 488 1796 492 >
1837 470 1843 497 ³

376 535 533 580 bestias
551 533 720 579 homini
744 532 872 578 fuisse
897 533 1139 592 subjecta83
1160 531 1283 595 quod
1301 542 1444 577 autem
1466 549 1584 585 nunc
1602 532 1751 583 homi-

376 605 506 650 nibus
519 614 677 649 nocent
695 641 705 659 ,
731 619 909 666 poenam
928 602 1062 666 primi
1077 619 1162 647 esse
1181 602 1366 665 peccati.
1395 602 1562 647 Prolixa
1586 612 1752 648 tracta-

377 675 438 720 tio
461 685 549 728 est,
575 673 673 719 ideo
697 673 804 719 huic
829 674 952 736 operi
975 689 1064 718 non
1089 690 1112 717 a
1141 689 1210 717 me
1235 672 1464 717 inseritur:
1488 672 1560 721 sed
1586 671 1752 734 aliquid

376 755 522 790 tamen
543 743 644 792 inde
664 753 836 806 oportet
854 753 902 788 ut
924 759 1101 806 ponam.
1127 763 1146 783 «
1169 742 1390 787 Timemus
1407 779 1418 797 ‚
1445 741 1635 804 inquit2‚
1651 742 1754 787 bes-

377 815 456 859 tias
472 851 483 869 ,
509 823 550 858 et
572 829 780 875 pavemus
799 830 810 857 :
835 829 922 857 non
942 811 1212 857 contradico.
1239 813 1293 857 Et
1317 830 1339 857 a
1359 812 1614 874 principatu
1634 811 1755 856 deci-

377 884 520 929 dimus
549 900 560 927 :
591 893 632 927 et
666 883 752 928 hoc
778 882 878 927 dico
905 883 997 945 ipse
1029 882 1172 928 etiam.
1209 881 1294 926 Sed
1328 899 1416 927 non
1447 882 1533 928 hoc
1567 882 1754 940 ostendit

375 953 512 1013 legem
534 952 614 998 Dei
654 969 739 997 esse
767 946 1022 1005 mendacem
1050 969 1060 996 :
1092 951 1148 996 ab
1184 951 1308 997 initio
1338 952 1452 997 enim
1481 969 1569 998 non
1601 953 1659 998 ita
1691 969 1754 997 res
1774 983 1804 1005 n

376 1033 499 1070 erant
521 1021 770 1085 dispositae3
798 1021 871 1068 sed
906 1020 1152 1076 timebant,
1177 1031 1218 1066 et
1242 1022 1484 1067 tremebant
1502 1059 1513 1077 ,
1540 1033 1582 1066 et
1611 1022 1754 1082 subji-

378 1093 606 1139 ciebantur
646 1091 839 1138 domino.
885 1092 942 1137 Et
978 1091 1186 1153 quoniam
1222 1109 1245 1136 a
1277 1090 1441 1137 fiducia
1476 1091 1717 1138 decidimus
1739 1129 1750 1148 ‚

377 1161 574 1226 profecto
598 1172 639 1207 et
664 1162 720 1207 ab
747 1161 930 1207 bonore.
967 1160 1093 1206 Unde
1128 1160 1215 1206 hoc
1244 1160 1519 1207 manifestum
1544 1165 1633 1207 est‘?
1668 1161 1755 1207 Ad-
1816 1181 1817 1216 i

378 1235 500 1281 duxit
526 1234 684 1279 bestias
708 1233 763 1279 ad
796 1233 936 1280 Adam
954 1269 965 1289 ,
991 1233 1137 1279 videre
1162 1233 1271 1296 quid
1291 1251 1358 1279 eas
1382 1245 1576 1290 vocaret,
1604 1244 1645 1280 et
1667 1251 1754 1280 non
1816 1262 1817 1273 κ

378 1305 544 1351 resiluit
577 1304 718 1351 Adam
744 1314 953 1367 tanquam
983 1304 1148 1350 timens.
1176 1327 1194 1345 ›>
1217 1306 1271 1349 Et
1293 1305 1425 1367 paulo
1448 1315 1547 1368 post
1573 1323 1583 1350 ε
1614 1326 1633 1347 α
1659 1306 1755 1350 Hoc
1818 1317 1819 1326 ¹

378 1391 543 1430 unum,
588 1374 758 1436 inquit,
800 1375 969 1434 signum
993 1411 1004 1429 ,
1036 1373 1154 1436 quod
1188 1391 1276 1419 non
1308 1374 1471 1420 fuerint
1505 1375 1674 1427 homini
1699 1374 1755 1427 ab

376 1445 502 1490 initio
523 1443 734 1489 terribiles
753 1444 902 1488 bestiae
921 1463 932 1496 ;
955 1443 1195 1488 secundum
1222 1443 1340 1488 aliud
1365 1445 1444 1488 isto
1470 1436 1752 1499 manifestius,

378 1530 478 1577 quae
501 1512 586 1558 fuit
604 1511 657 1557 ad
681 1512 904 1558 mulierem
925 1529 1002 1574 per
1027 1523 1265 1575 serpentem
1289 1512 1542 1575 disputatio.
1575 1513 1621 1559 Si
1642 1515 1757 1560 enim
1820 1546 1821 1578 1

377 1593 515 1629 essent
532 1582 742 1627 terribiles
756 1582 1008 1627 hominibus
1021 1582 1173 1627 bestiae
1189 1619 1200 1638 ‚
1223 1599 1309 1627 non
1330 1583 1480 1645 utique
1494 1583 1649 1628 mulier
1667 1583 1757 1634 viso
1820 1587 1823 1613 '²

379 1663 575 1716 serpente
593 1652 838 1706 mansisset3
858 1669 945 1697 non
967 1653 1199 1714 accepisset
1219 1653 1448 1698 consilium
1462 1690 1472 1707 ‚
1496 1670 1584 1699 non
1601 1653 1639 1698 ei
1655 1670 1757 1698 cum

379 1733 501 1769 tanta
524 1723 884 1768 sermocinaretur
908 1721 1069 1768 fiducia
1085 1759 1096 1777 ‚
1120 1721 1193 1767 sed
1212 1722 1353 1767 statim
1381 1722 1433 1767 ad
1451 1722 1593 1784 ipsum
1618 1733 1661 1767 et
1683 1739 1757 1767 ex-
1822 1738 1843 1783 Ἰς

378 1793 567 1857 pavisset
586 1802 627 1837 et
648 1791 877 1837 resiluisset
898 1803 1120 1854 aspectum
1144 1809 1154 1835 ε
1178 1809 1296 1837 nunc
1315 1803 1457 1837 autem
1478 1802 1519 1837 et
1536 1792 1753 1854 disputat,

379 1874 421 1909 et
449 1880 537 1908 non
560 1862 696 1908 timet.
734 1861 942 1907 Nondum
971 1862 1084 1907 enim
1121 1872 1212 1906 erat
1245 1862 1374 1907 timor
1405 1861 1482 1906 iste
1509 1879 1520 1906 :
1547 1861 1621 1906 sed
1655 1863 1758 1924 quia

378 1944 610 1997 peccatum
647 1932 885 1991 ingressum
915 1942 1002 1988 est,
1037 1931 1180 1977 ablata
1219 1943 1320 1978 sunt
1362 1949 1410 1977 ea
1442 1948 1542 1994 quae
1580 1931 1758 1977 honoris

378 2014 514 2049 erant.
549 2024 570 2044 »
602 2003 799 2065 Itemque
831 2013 931 2064 post
967 2001 1234 2064 paululum:
1261 2023 1280 2042 «
1303 2002 1513 2059 Quandiu
1550 2002 1755 2064 quidem,

378 2073 546 2136 inquit,
587 2072 783 2117 habebat
825 2071 878 2117 ad
923 2073 1062 2127 Deum
1098 2072 1305 2117 fiduciam
1323 2108 1334 2128 ,
1374 2071 1580 2116 terribilis
1611 2071 1759 2117 bestiis

379 2153 496 2197 erat3
515 2141 588 2188 sed
607 2141 711 2203 quia
730 2141 911 2186 offendit
928 2178 938 2197 ‚
963 2152 1169 2187 extremos
1185 2143 1315 2187 etiam
1336 2157 1642 2187 conservorum
1662 2159 1758 2199 suo-

379 2230 479 2258 rum
509 2216 599 2271 jam
622 2221 766 2274 pavet.
810 2211 944 2268 Quod
967 2212 1001 2257 si
1027 2213 1113 2257 boc
1135 2229 1223 2257 non
1259 2223 1321 2257 est
1338 2249 1349 2266 ‚
1377 2211 1546 2274 inquit,
1575 2222 1622 2257 tu
1648 2211 1758 2270 milii

381 2282 554 2328 ostende
569 2319 580 2337 ‚
604 2291 700 2326 ante
724 2292 956 2344 peccatum
977 2282 1096 2345 quod
1122 2282 1335 2327 terribiles
1355 2292 1477 2326 erant
1504 2281 1759 2327 bominibus

379 2354 531 2399 bestiae
553 2369 562 2396 :
587 2350 660 2396 sed
683 2369 772 2396 non
797 2351 997 2399 habebis.
1030 2353 1075 2398 Si
1098 2364 1240 2398 autem
1274 2363 1372 2415 post
1402 2363 1522 2397 tanta
1546 2352 1758 2412 ingressus

381 2435 444 2470 est
467 2424 623 2479 timor3
657 2432 699 2467 et
721 2422 809 2479 boc
832 2422 978 2468 tutelae
1010 2423 1187 2480 Domini
1218 2433 1293 2469 est.
1339 2423 1385 2467 Si
1411 2423 1524 2468 enim
1552 2423 1756 2469 mandato

383 2493 504 2559 quod
525 2492 680 2539 datum
701 2502 788 2548 est,
814 2503 934 2546 moto
962 2493 1018 2538 ab
1045 2492 1223 2551 homine
1246 2504 1288 2551 et
1311 2493 1480 2551 soluto,
1510 2492 1654 2552 honor
1680 2493 1759 2565 qui

431 2578 443 2603 ¹
463 2580 545 2611 Gen.
563 2587 591 2616 1,
611 2575 666 2610 ¹28.
686 2593 732 2601 —
754 2574 770 2599 2
788 2575 930 2621 Romilia
949 2587 983 2619 9.
999 2575 1035 2609 in
1053 2575 1221 2615 Genesim.
