<?xml version="1.0" encoding="UTF-8"?>
<!DOCTYPE html PUBLIC "-//W3C//DTD XHTML 1.0 Transitional//EN"
    "http://www.w3.org/TR/xhtml1/DTD/xhtml1-transitional.dtd">
<html xmlns="http://www.w3.org/1999/xhtml" xml:lang="en" lang="en">
 <head>
  <title>
</title>
<meta http-equiv="Content-Type" content="text/html;charset=utf-8" />
  <meta name='ocr-system' content='tesseract 3.04.00' />
  <meta name='ocr-capabilities' content='ocr_page ocr_carea ocr_par ocr_line ocrx_word'/>
</head>
<body>
  <div class='ocr_page' id='page_1' title='image "./operaomniaaccura35auguuoft/operaomniaaccura35auguuoft_0323.png"; bbox 0 0 1843 3190; ppageno 0'>
   <div class='ocr_carea' id='block_1_1' title="bbox 224 270 1402 329">
    <p class='ocr_par' dir='ltr' id='par_1_1' title="bbox 224 270 1402 329">
     <span class='ocr_line' id='line_1_1' title="bbox 224 270 1402 329; baseline -0.003 -8"><span class='ocrx_word' id='word_1_1' title='bbox 224 288 398 322; x_wconf 77' lang='lat' dir='ltr'><strong>CONTRA</strong></span> <span class='ocrx_word' id='word_1_2' title='bbox 431 287 658 320; x_wconf 79' lang='lat' dir='ltr'><strong>JULIANUM</strong></span> <span class='ocrx_word' id='word_1_3' title='bbox 693 283 995 329; x_wconf 76' lang='lat' dir='ltr'>PELAGIANUM,</span> <span class='ocrx_word' id='word_1_4' title='bbox 1034 284 1122 316; x_wconf 67' lang='lat' dir='ltr'>Lus.</span> <span class='ocrx_word' id='word_1_5' title='bbox 1165 284 1206 316; x_wconf 87' lang='lat' dir='ltr'>v.</span> <span class='ocrx_word' id='word_1_6' title='bbox 1309 270 1402 317; x_wconf 81' lang='lat'>313</span> 
     </span>
    </p>
   </div>
   <div class='ocr_carea' id='block_1_2' title="bbox 0 350 1407 2669">
    <p class='ocr_par' dir='ltr' id='par_1_2' title="bbox 22 350 1407 1896">
     <span class='ocr_line' id='line_1_2' title="bbox 30 350 1404 421; baseline -0.006 -17"><span class='ocrx_word' id='word_1_7' title='bbox 30 356 360 421; x_wconf 82' lang='lat' dir='ltr'><strong>respondimus,</strong></span> <span class='ocrx_word' id='word_1_8' title='bbox 408 354 515 419; x_wconf 90' lang='lat' dir='ltr'>quid</span> <span class='ocrx_word' id='word_1_9' title='bbox 545 354 657 400; x_wconf 88' lang='lat' dir='ltr'>liber</span> <span class='ocrx_word' id='word_1_10' title='bbox 695 364 795 400; x_wconf 87' lang='lat' dir='ltr'>tuus</span> <span class='ocrx_word' id='word_1_11' title='bbox 828 353 976 399; x_wconf 89' lang='lat' dir='ltr'>tertius</span> <span class='ocrx_word' id='word_1_12' title='bbox 1003 352 1223 398; x_wconf 89' lang='lat' dir='ltr'>contineat</span> <span class='ocrx_word' id='word_1_13' title='bbox 1248 350 1404 397; x_wconf 88' lang='lat' dir='ltr'>deinde</span> 
     </span>
     <span class='ocr_line' id='line_1_3' title="bbox 29 421 1400 489; baseline -0.005 -15"><span class='ocrx_word' id='word_1_14' title='bbox 29 428 250 475; x_wconf 86' lang='lat' dir='ltr'>videamus</span> <span class='ocrx_word' id='word_1_15' title='bbox 272 444 283 472; x_wconf 75' lang='grc' dir='ltr'>ι</span> <span class='ocrx_word' id='word_1_16' title='bbox 311 437 353 472; x_wconf 93' lang='lat' dir='ltr'>et</span> <span class='ocrx_word' id='word_1_17' title='bbox 374 424 709 489; x_wconf 78' lang='lat' dir='ltr'>respondeamus</span> <span class='ocrx_word' id='word_1_18' title='bbox 735 423 1035 488; x_wconf 82' lang='lat' dir='ltr'>pestilentiosis</span> <span class='ocrx_word' id='word_1_19' title='bbox 1052 422 1278 468; x_wconf 84' lang='lat' dir='ltr'>laboribus</span> <span class='ocrx_word' id='word_1_20' title='bbox 1298 421 1400 477; x_wconf 81' lang='lat' dir='ltr'>tuiS,</span> 
     </span>
     <span class='ocr_line' id='line_1_4' title="bbox 29 487 1407 562; baseline -0.005 -18"><span class='ocrx_word' id='word_1_21' title='bbox 29 509 243 562; x_wconf 90' lang='lat' dir='ltr'>quantum</span> <span class='ocrx_word' id='word_1_22' title='bbox 265 487 478 542; x_wconf 71' lang='lat' dir='ltr'>Uominus</span> <span class='ocrx_word' id='word_1_23' title='bbox 501 495 762 558; x_wconf 75' lang='lat' dir='ltr'>opitulatur,</span> <span class='ocrx_word' id='word_1_24' title='bbox 783 495 1032 542; x_wconf 83' lang='lat' dir='ltr'>salubribus</span> <span class='ocrx_word' id='word_1_25' title='bbox 1054 492 1280 539; x_wconf 82' lang='lat' dir='ltr'>laboribus</span> <span class='ocrx_word' id='word_1_26' title='bbox 1302 508 1407 537; x_wconf 91' lang='lat' dir='ltr'>nos-</span> 
     </span>
     <span class='ocr_line' id='line_1_5' title="bbox 29 562 1406 626; baseline -0.005 -12"><span class='ocrx_word' id='word_1_27' title='bbox 29 570 130 622; x_wconf 83' lang='lat' dir='ltr'>tris;</span> <span class='ocrx_word' id='word_1_28' title='bbox 154 579 340 614; x_wconf 88' lang='lat' dir='ltr'>tenentes</span> <span class='ocrx_word' id='word_1_29' title='bbox 364 566 612 612; x_wconf 88' lang='lat' dir='ltr'>institutum</span> <span class='ocrx_word' id='word_1_30' title='bbox 646 565 845 620; x_wconf 88' lang='lat' dir='ltr'>modum,</span> <span class='ocrx_word' id='word_1_31' title='bbox 866 575 916 610; x_wconf 90' lang='lat' dir='ltr'>ut</span> <span class='ocrx_word' id='word_1_32' title='bbox 932 581 980 610; x_wconf 83' lang='lat' dir='ltr'>ea</span> <span class='ocrx_word' id='word_1_33' title='bbox 999 580 1099 626; x_wconf 76' lang='lat' dir='ltr'>quae</span> <span class='ocrx_word' id='word_1_34' title='bbox 1124 580 1214 608; x_wconf 91' lang='lat' dir='ltr'>non</span> <span class='ocrx_word' id='word_1_35' title='bbox 1237 562 1406 608; x_wconf 86' lang='lat' dir='ltr'>habent</span> 
     </span>
     <span class='ocr_line' id='line_1_6' title="bbox 27 634 1397 699; baseline -0.005 -16"><span class='ocrx_word' id='word_1_36' title='bbox 27 637 83 684; x_wconf 86' lang='lat' dir='ltr'>ad</span> <span class='ocrx_word' id='word_1_37' title='bbox 116 655 206 683; x_wconf 90' lang='lat' dir='ltr'>rem</span> <span class='ocrx_word' id='word_1_38' title='bbox 229 654 328 699; x_wconf 88' lang='lat' dir='ltr'>quae</span> <span class='ocrx_word' id='word_1_39' title='bbox 346 637 548 682; x_wconf 84' lang='lat' dir='ltr'>internos</span> <span class='ocrx_word' id='word_1_40' title='bbox 572 636 714 695; x_wconf 82' lang='lat' dir='ltr'>agitur</span> <span class='ocrx_word' id='word_1_41' title='bbox 729 636 1017 698; x_wconf 85' lang='lat' dir='ltr'>pertinentem</span> <span class='ocrx_word' id='word_1_42' title='bbox 1038 634 1397 689; x_wconf 87' lang='lat' dir='ltr'>controversiam,</span> 
     </span>
     <span class='ocr_line' id='line_1_7' title="bbox 26 702 1403 770; baseline -0.004 -18"><span class='ocrx_word' id='word_1_43' title='bbox 26 719 320 760; x_wconf 83' lang='lat' dir='ltr'>transeamus3</span> <span class='ocrx_word' id='word_1_44' title='bbox 346 707 479 770; x_wconf 86' lang='lat' dir='ltr'>nequi</span> <span class='ocrx_word' id='word_1_45' title='bbox 502 706 600 751; x_wconf 85' lang='lat' dir='ltr'>haec</span> <span class='ocrx_word' id='word_1_46' title='bbox 629 717 774 752; x_wconf 89' lang='lat' dir='ltr'>nostra</span> <span class='ocrx_word' id='word_1_47' title='bbox 808 722 930 752; x_wconf 88' lang='lat' dir='ltr'>nosse</span> <span class='ocrx_word' id='word_1_48' title='bbox 953 704 1187 760; x_wconf 86' lang='lat' dir='ltr'>voluerint,</span> <span class='ocrx_word' id='word_1_49' title='bbox 1210 703 1310 766; x_wconf 90' lang='lat' dir='ltr'>plus</span> <span class='ocrx_word' id='word_1_50' title='bbox 1331 702 1403 748; x_wconf 90' lang='lat' dir='ltr'>la-</span> 
     </span>
     <span class='ocr_line' id='line_1_8' title="bbox 26 772 1405 840; baseline -0.004 -18"><span class='ocrx_word' id='word_1_51' title='bbox 26 778 145 823; x_wconf 90' lang='lat' dir='ltr'>boris</span> <span class='ocrx_word' id='word_1_52' title='bbox 169 787 210 822; x_wconf 84' lang='lat' dir='ltr'>et</span> <span class='ocrx_word' id='word_1_53' title='bbox 229 777 436 840; x_wconf 89' lang='lat' dir='ltr'>temporis</span> <span class='ocrx_word' id='word_1_54' title='bbox 460 777 503 821; x_wconf 91' lang='lat' dir='ltr'>in</span> <span class='ocrx_word' id='word_1_55' title='bbox 526 793 654 839; x_wconf 90' lang='lat' dir='ltr'>opere</span> <span class='ocrx_word' id='word_1_56' title='bbox 673 776 861 836; x_wconf 84' lang='lat' dir='ltr'>legendi,</span> <span class='ocrx_word' id='word_1_57' title='bbox 884 791 1016 839; x_wconf 84' lang='lat' dir='ltr'>quam</span> <span class='ocrx_word' id='word_1_58' title='bbox 1039 775 1085 820; x_wconf 91' lang='lat' dir='ltr'>in</span> <span class='ocrx_word' id='word_1_59' title='bbox 1105 772 1301 819; x_wconf 90' lang='lat' dir='ltr'>discendi</span> <span class='ocrx_word' id='word_1_60' title='bbox 1321 773 1405 818; x_wconf 90' lang='lat' dir='ltr'>uti-</span> 
     </span>
     <span class='ocr_line' id='line_1_9' title="bbox 28 843 1406 910; baseline -0.002 -18"><span class='ocrx_word' id='word_1_61' title='bbox 28 847 148 893; x_wconf 79' lang='lat' dir='ltr'>litate</span> <span class='ocrx_word' id='word_1_62' title='bbox 169 857 442 893; x_wconf 84' lang='lat' dir='ltr'>consumant.</span> <span class='ocrx_word' id='word_1_63' title='bbox 476 847 595 903; x_wconf 87' lang='lat' dir='ltr'>Quid</span> <span class='ocrx_word' id='word_1_64' title='bbox 623 864 724 906; x_wconf 85' lang='lat' dir='ltr'>ergo</span> <span class='ocrx_word' id='word_1_65' title='bbox 739 864 850 910; x_wconf 89' lang='lat' dir='ltr'>opus</span> <span class='ocrx_word' id='word_1_66' title='bbox 872 857 949 900; x_wconf 90' lang='lat' dir='ltr'>est,</span> <span class='ocrx_word' id='word_1_67' title='bbox 988 856 1036 890; x_wconf 90' lang='lat' dir='ltr'>ut</span> <span class='ocrx_word' id='word_1_68' title='bbox 1059 843 1223 907; x_wconf 88' lang='lat' dir='ltr'>aliquid</span> <span class='ocrx_word' id='word_1_69' title='bbox 1247 843 1406 890; x_wconf 87' lang='lat' dir='ltr'>adver-</span> 
     </span>
     <span class='ocr_line' id='line_1_10' title="bbox 27 913 1407 980; baseline -0.003 -18"><span class='ocrx_word' id='word_1_70' title='bbox 27 934 98 963; x_wconf 92' lang='lat' dir='ltr'>sus</span> <span class='ocrx_word' id='word_1_71' title='bbox 114 934 161 962; x_wconf 82' lang='lat' dir='ltr'>ea</span> <span class='ocrx_word' id='word_1_72' title='bbox 189 917 350 973; x_wconf 86' lang='lat' dir='ltr'>dicam,</span> <span class='ocrx_word' id='word_1_73' title='bbox 373 933 473 980; x_wconf 82' lang='lat' dir='ltr'>quae</span> <span class='ocrx_word' id='word_1_74' title='bbox 492 917 537 961; x_wconf 91' lang='lat' dir='ltr'>in</span> <span class='ocrx_word' id='word_1_75' title='bbox 556 917 778 980; x_wconf 87' lang='lat' dir='ltr'>principio</span> <span class='ocrx_word' id='word_1_76' title='bbox 801 915 983 980; x_wconf 83' lang='lat' dir='ltr'>posuisti</span> <span class='ocrx_word' id='word_1_77' title='bbox 1001 915 1105 960; x_wconf 87' lang='lat' dir='ltr'>libri</span> <span class='ocrx_word' id='word_1_78' title='bbox 1123 914 1256 974; x_wconf 81' lang='lat' dir='ltr'>hujus</span> <span class='ocrx_word' id='word_1_79' title='bbox 1279 913 1407 959; x_wconf 87' lang='lat' dir='ltr'>solita</span> 
     </span>
     <span class='ocr_line' id='line_1_11' title="bbox 27 984 1406 1050; baseline -0.003 -17"><span class='ocrx_word' id='word_1_80' title='bbox 27 998 70 1033; x_wconf 84' lang='lat' dir='ltr'>et</span> <span class='ocrx_word' id='word_1_81' title='bbox 92 1005 235 1033; x_wconf 83' lang='lat' dir='ltr'>vana:</span> <span class='ocrx_word' id='word_1_82' title='bbox 263 1008 283 1028; x_wconf 86' lang='grc'>«</span> <span class='ocrx_word' id='word_1_83' title='bbox 319 991 386 1032; x_wconf 88' lang='lat' dir='ltr'>De</span> <span class='ocrx_word' id='word_1_84' title='bbox 405 987 570 1033; x_wconf 83' lang='lat' dir='ltr'>invidia</span> <span class='ocrx_word' id='word_1_85' title='bbox 596 1005 728 1050; x_wconf 83' lang='lat' dir='ltr'>quam</span> <span class='ocrx_word' id='word_1_86' title='bbox 765 1004 840 1033; x_wconf 86' lang='lat' dir='ltr'>vos</span> <span class='ocrx_word' id='word_1_87' title='bbox 874 988 1079 1032; x_wconf 88' lang='lat' dir='ltr'>sustinere</span> <span class='ocrx_word' id='word_1_88' title='bbox 1102 1002 1183 1049; x_wconf 92' lang='lat' dir='ltr'>pro</span> <span class='ocrx_word' id='word_1_89' title='bbox 1226 984 1406 1030; x_wconf 81' lang='lat' dir='ltr'>veritate</span> 
     </span>
     <span class='ocr_line' id='line_1_12' title="bbox 22 1055 1407 1120; baseline -0.002 -17"><span class='ocrx_word' id='word_1_90' title='bbox 22 1057 213 1117; x_wconf 86' lang='lat' dir='ltr'>jactatis,</span> <span class='ocrx_word' id='word_1_91' title='bbox 234 1067 276 1102; x_wconf 90' lang='lat' dir='ltr'>et</span> <span class='ocrx_word' id='word_1_92' title='bbox 292 1056 345 1102; x_wconf 88' lang='lat' dir='ltr'>de</span> <span class='ocrx_word' id='word_1_93' title='bbox 359 1057 577 1119; x_wconf 84' lang='lat' dir='ltr'>paucitate</span> <span class='ocrx_word' id='word_1_94' title='bbox 601 1057 718 1103; x_wconf 85' lang='lat' dir='ltr'>velut</span> <span class='ocrx_word' id='word_1_95' title='bbox 741 1057 1026 1120; x_wconf 88' lang='lat' dir='ltr'>prudentium</span> <span class='ocrx_word' id='word_1_96' title='bbox 1041 1056 1203 1120; x_wconf 90' lang='lat' dir='ltr'>quibus</span> <span class='ocrx_word' id='word_1_97' title='bbox 1217 1072 1292 1102; x_wconf 89' lang='lat' dir='ltr'>vos</span> <span class='ocrx_word' id='word_1_98' title='bbox 1312 1055 1407 1118; x_wconf 88' lang='lat' dir='ltr'>pla-</span> 
     </span>
     <span class='ocr_line' id='line_1_13' title="bbox 28 1125 1405 1186; baseline -0.001 -15"><span class='ocrx_word' id='word_1_99' title='bbox 28 1143 123 1172; x_wconf 88' lang='lat' dir='ltr'>cere</span> <span class='ocrx_word' id='word_1_100' title='bbox 135 1126 362 1186; x_wconf 62' lang='lat' dir='ltr'>gaudetis?</span> <span class='ocrx_word' id='word_1_101' title='bbox 384 1127 490 1172; x_wconf 84' lang='lat' dir='ltr'>Haec</span> <span class='ocrx_word' id='word_1_102' title='bbox 513 1128 629 1172; x_wconf 90' lang='lat' dir='ltr'>enim</span> <span class='ocrx_word' id='word_1_103' title='bbox 644 1138 888 1173; x_wconf 84' lang='lat' dir='ltr'>etveterum</span> <span class='ocrx_word' id='word_1_104' title='bbox 914 1138 955 1172; x_wconf 88' lang='lat' dir='ltr'>et</span> <span class='ocrx_word' id='word_1_105' title='bbox 968 1142 1182 1173; x_wconf 84' lang='lat' dir='ltr'>novorum</span> <span class='ocrx_word' id='word_1_106' title='bbox 1208 1125 1405 1170; x_wconf 89' lang='lat' dir='ltr'>omnium</span> 
     </span>
     <span class='ocr_line' id='line_1_14' title="bbox 28 1194 1406 1261; baseline -0.001 -19"><span class='ocrx_word' id='word_1_107' title='bbox 28 1214 108 1242; x_wconf 76' lang='lat' dir='ltr'>vox</span> <span class='ocrx_word' id='word_1_108' title='bbox 131 1208 192 1242; x_wconf 83' lang='lat' dir='ltr'>est</span> <span class='ocrx_word' id='word_1_109' title='bbox 217 1197 542 1253; x_wconf 65' lang='lat' dir='ltr'>haereticorum,</span> <span class='ocrx_word' id='word_1_110' title='bbox 587 1199 681 1261; x_wconf 83' lang='lat' dir='ltr'>ipsa</span> <span class='ocrx_word' id='word_1_111' title='bbox 717 1196 1029 1243; x_wconf 79' lang='lat' dir='ltr'>consuetudine</span> <span class='ocrx_word' id='word_1_112' title='bbox 1068 1200 1160 1256; x_wconf 86' lang='lat' dir='ltr'>jam</span> <span class='ocrx_word' id='word_1_113' title='bbox 1185 1194 1406 1241; x_wconf 82' lang='lat' dir='ltr'>sordidata</span> 
     </span>
     <span class='ocr_line' id='line_1_15' title="bbox 28 1265 1404 1330; baseline -0.001 -18"><span class='ocrx_word' id='word_1_114' title='bbox 28 1277 158 1330; x_wconf 87' lang='lat' dir='ltr'>atque</span> <span class='ocrx_word' id='word_1_115' title='bbox 182 1268 381 1330; x_wconf 87' lang='lat' dir='ltr'>protrita.</span> <span class='ocrx_word' id='word_1_116' title='bbox 416 1269 471 1313; x_wconf 87' lang='lat' dir='ltr'>Et</span> <span class='ocrx_word' id='word_1_117' title='bbox 495 1278 637 1313; x_wconf 89' lang='lat' dir='ltr'>tamen</span> <span class='ocrx_word' id='word_1_118' title='bbox 660 1268 910 1315; x_wconf 82' lang='lat' dir='ltr'>necessitate</span> <span class='ocrx_word' id='word_1_119' title='bbox 935 1266 1216 1330; x_wconf 88' lang='lat' dir='ltr'>compellitur</span> <span class='ocrx_word' id='word_1_120' title='bbox 1245 1265 1404 1311; x_wconf 83' lang='lat' dir='ltr'>talibus</span> 
     </span>
     <span class='ocr_line' id='line_1_16' title="bbox 25 1337 1405 1402; baseline -0.001 -20"><span class='ocrx_word' id='word_1_121' title='bbox 25 1338 183 1400; x_wconf 84' lang='lat' dir='ltr'>pannis</span> <span class='ocrx_word' id='word_1_122' title='bbox 205 1338 330 1384; x_wconf 89' lang='lat' dir='ltr'>indui</span> <span class='ocrx_word' id='word_1_123' title='bbox 362 1349 452 1384; x_wconf 86' lang='lat' dir='ltr'>tam</span> <span class='ocrx_word' id='word_1_124' title='bbox 475 1356 631 1399; x_wconf 85' lang='lat' dir='ltr'>magna</span> <span class='ocrx_word' id='word_1_125' title='bbox 655 1340 785 1385; x_wconf 90' lang='lat' dir='ltr'>etiam</span> <span class='ocrx_word' id='word_1_126' title='bbox 817 1350 958 1385; x_wconf 85' lang='lat' dir='ltr'>vestra</span> <span class='ocrx_word' id='word_1_127' title='bbox 982 1337 1204 1402; x_wconf 86' lang='lat' dir='ltr'>superbia,</span> <span class='ocrx_word' id='word_1_128' title='bbox 1226 1353 1326 1400; x_wconf 85' lang='lat' dir='ltr'>quae</span> <span class='ocrx_word' id='word_1_129' title='bbox 1344 1337 1405 1382; x_wconf 86' lang='lat' dir='ltr'>sic</span> 
     </span>
     <span class='ocr_line' id='line_1_17' title="bbox 27 1407 1405 1467; baseline -0.001 -14"><span class='ocrx_word' id='word_1_130' title='bbox 27 1408 221 1454; x_wconf 86' lang='lat' dir='ltr'>tenditur</span> <span class='ocrx_word' id='word_1_131' title='bbox 245 1420 287 1454; x_wconf 90' lang='lat' dir='ltr'>et</span> <span class='ocrx_word' id='word_1_132' title='bbox 309 1409 504 1464; x_wconf 86' lang='lat' dir='ltr'>inflatur,</span> <span class='ocrx_word' id='word_1_133' title='bbox 530 1420 578 1455; x_wconf 87' lang='lat' dir='ltr'>ut</span> <span class='ocrx_word' id='word_1_134' title='bbox 602 1427 673 1455; x_wconf 90' lang='lat' dir='ltr'>eos</span> <span class='ocrx_word' id='word_1_135' title='bbox 696 1409 931 1456; x_wconf 83' lang='lat' dir='ltr'>deformius</span> <span class='ocrx_word' id='word_1_136' title='bbox 965 1409 1072 1454; x_wconf 89' lang='lat' dir='ltr'>dum</span> <span class='ocrx_word' id='word_1_137' title='bbox 1111 1407 1236 1467; x_wconf 87' lang='lat' dir='ltr'>gestit</span> <span class='ocrx_word' id='word_1_138' title='bbox 1257 1418 1405 1452; x_wconf 86' lang='lat' dir='ltr'>osten-</span> 
     </span>
     <span class='ocr_line' id='line_1_18' title="bbox 27 1479 1405 1543; baseline -0.001 -20"><span class='ocrx_word' id='word_1_139' title='bbox 27 1490 134 1530; x_wconf 89' lang='lat' dir='ltr'>tare,</span> <span class='ocrx_word' id='word_1_140' title='bbox 161 1479 421 1543; x_wconf 86' lang='lat' dir='ltr'>disrumpat.</span> <span class='ocrx_word' id='word_1_141' title='bbox 450 1481 567 1525; x_wconf 87' lang='lat' dir='ltr'>Tuas</span> <span class='ocrx_word' id='word_1_142' title='bbox 589 1481 720 1525; x_wconf 88' lang='lat' dir='ltr'>etiam</span> <span class='ocrx_word' id='word_1_143' title='bbox 744 1480 1151 1526; x_wconf 86' lang='lat' dir='ltr'>calumniosissimas</span> <span class='ocrx_word' id='word_1_144' title='bbox 1175 1487 1405 1523; x_wconf 90' lang='lat' dir='ltr'>contume—</span> 
     </span>
     <span class='ocr_line' id='line_1_19' title="bbox 25 1547 1405 1614; baseline -0.001 -21"><span class='ocrx_word' id='word_1_145' title='bbox 25 1547 104 1594; x_wconf 83' lang='lat' dir='ltr'>lias</span> <span class='ocrx_word' id='word_1_146' title='bbox 135 1566 223 1594; x_wconf 88' lang='lat' dir='ltr'>non</span> <span class='ocrx_word' id='word_1_147' title='bbox 255 1559 316 1594; x_wconf 89' lang='lat' dir='ltr'>est</span> <span class='ocrx_word' id='word_1_148' title='bbox 337 1566 504 1595; x_wconf 85' lang='lat' dir='ltr'>necesse</span> <span class='ocrx_word' id='word_1_149' title='bbox 527 1554 686 1613; x_wconf 83' lang='lat' dir='ltr'>saepius</span> <span class='ocrx_word' id='word_1_150' title='bbox 710 1550 918 1606; x_wconf 83' lang='lat' dir='ltr'>refutare,</span> <span class='ocrx_word' id='word_1_151' title='bbox 959 1550 1122 1614; x_wconf 91' lang='lat' dir='ltr'>quibus</span> <span class='ocrx_word' id='word_1_152' title='bbox 1161 1566 1230 1594; x_wconf 89' lang='lat' dir='ltr'>me</span> <span class='ocrx_word' id='word_1_153' title='bbox 1266 1564 1405 1593; x_wconf 90' lang='lat' dir='ltr'>unum</span> 
     </span>
     <span class='ocr_line' id='line_1_20' title="bbox 26 1619 1405 1685; baseline -0.001 -21"><span class='ocrx_word' id='word_1_154' title='bbox 26 1620 284 1665; x_wconf 87' lang='lat' dir='ltr'>nominatim</span> <span class='ocrx_word' id='word_1_155' title='bbox 311 1620 468 1666; x_wconf 82' lang='lat' dir='ltr'>videris</span> <span class='ocrx_word' id='word_1_156' title='bbox 490 1632 722 1685; x_wconf 84' lang='lat' dir='ltr'>appetere3</span> <span class='ocrx_word' id='word_1_157' title='bbox 749 1632 790 1667; x_wconf 87' lang='lat' dir='ltr'>et</span> <span class='ocrx_word' id='word_1_158' title='bbox 814 1622 859 1666; x_wconf 89' lang='lat' dir='ltr'>in</span> <span class='ocrx_word' id='word_1_159' title='bbox 883 1632 948 1667; x_wconf 85' lang='lat' dir='ltr'>tot</span> <span class='ocrx_word' id='word_1_160' title='bbox 971 1638 1021 1667; x_wconf 86' lang='lat' dir='ltr'>ac</span> <span class='ocrx_word' id='word_1_161' title='bbox 1045 1631 1166 1666; x_wconf 84' lang='lat' dir='ltr'>tanta</span> <span class='ocrx_word' id='word_1_162' title='bbox 1187 1619 1405 1665; x_wconf 84' lang='lat' dir='ltr'>catholica</span> 
     </span>
     <span class='ocr_line' id='line_1_21' title="bbox 29 1689 1406 1748; baseline 0.001 -14"><span class='ocrx_word' id='word_1_163' title='bbox 29 1689 213 1744; x_wconf 90' lang='lat' dir='ltr'>lumina,</span> <span class='ocrx_word' id='word_1_164' title='bbox 235 1690 376 1736; x_wconf 87' lang='lat' dir='ltr'>tacitis</span> <span class='ocrx_word' id='word_1_165' title='bbox 395 1708 546 1736; x_wconf 88' lang='lat' dir='ltr'>eorum</span> <span class='ocrx_word' id='word_1_166' title='bbox 567 1692 843 1748; x_wconf 88' lang='lat' dir='ltr'>nominibus,</span> <span class='ocrx_word' id='word_1_167' title='bbox 873 1692 941 1738; x_wconf 85' lang='lat' dir='ltr'>vel</span> <span class='ocrx_word' id='word_1_168' title='bbox 956 1692 1131 1737; x_wconf 89' lang='lat' dir='ltr'>insanus</span> <span class='ocrx_word' id='word_1_169' title='bbox 1159 1689 1311 1746; x_wconf 83' lang='lat' dir='ltr'>insilis,</span> <span class='ocrx_word' id='word_1_170' title='bbox 1338 1689 1406 1736; x_wconf 90' lang='lat' dir='ltr'>vel</span> 
     </span>
     <span class='ocr_line' id='line_1_22' title="bbox 27 1760 1405 1825; baseline 0 -20"><span class='ocrx_word' id='word_1_171' title='bbox 27 1777 170 1805; x_wconf 87' lang='lat' dir='ltr'>caecus</span> <span class='ocrx_word' id='word_1_172' title='bbox 191 1761 384 1808; x_wconf 83' lang='lat' dir='ltr'>offendis.</span> <span class='ocrx_word' id='word_1_173' title='bbox 419 1762 544 1807; x_wconf 90' lang='lat' dir='ltr'>Unde</span> <span class='ocrx_word' id='word_1_174' title='bbox 569 1763 652 1808; x_wconf 89' lang='lat' dir='ltr'>tibi</span> <span class='ocrx_word' id='word_1_175' title='bbox 679 1762 854 1808; x_wconf 88' lang='lat' dir='ltr'>duobus</span> <span class='ocrx_word' id='word_1_176' title='bbox 876 1762 1098 1825; x_wconf 86' lang='lat' dir='ltr'>prioribus</span> <span class='ocrx_word' id='word_1_177' title='bbox 1116 1760 1239 1806; x_wconf 87' lang='lat' dir='ltr'>libris</span> <span class='ocrx_word' id='word_1_178' title='bbox 1256 1760 1317 1805; x_wconf 91' lang='lat' dir='ltr'>sic</span> <span class='ocrx_word' id='word_1_179' title='bbox 1337 1777 1405 1806; x_wconf 87' lang='lat' dir='ltr'>me</span> 
     </span>
     <span class='ocr_line' id='line_1_23' title="bbox 27 1830 1269 1896; baseline 0.001 -21"><span class='ocrx_word' id='word_1_180' title='bbox 27 1830 295 1892; x_wconf 87' lang='lat' dir='ltr'>respondisse</span> <span class='ocrx_word' id='word_1_181' title='bbox 314 1832 520 1888; x_wconf 79' lang='lat' dir='ltr'>arbitror,</span> <span class='ocrx_word' id='word_1_182' title='bbox 540 1844 590 1878; x_wconf 91' lang='lat' dir='ltr'>ut</span> <span class='ocrx_word' id='word_1_183' title='bbox 614 1852 636 1879; x_wconf 92' lang='lat' dir='ltr'>a</span> <span class='ocrx_word' id='word_1_184' title='bbox 656 1833 777 1879; x_wconf 91' lang='lat' dir='ltr'>nullo</span> <span class='ocrx_word' id='word_1_185' title='bbox 801 1833 988 1896; x_wconf 87' lang='lat' dir='ltr'>amplius</span> <span class='ocrx_word' id='word_1_186' title='bbox 1008 1832 1269 1895; x_wconf 83' lang='lat' dir='ltr'>requiratur.</span> 
     </span>
    </p>

    <p class='ocr_par' dir='ltr' id='par_1_3' title="bbox 0 1901 1407 2669">
     <span class='ocr_line' id='line_1_24' title="bbox 93 1901 1403 1966; baseline 0.002 -21"><span class='ocrx_word' id='word_1_187' title='bbox 93 1902 152 1947; x_wconf 91' lang='grc' dir='ltr'>ΙΙ.</span> <span class='ocrx_word' id='word_1_188' title='bbox 180 1902 415 1961; x_wconf 84' lang='lat' dir='ltr'>Exaggeras</span> <span class='ocrx_word' id='word_1_189' title='bbox 426 1919 557 1965; x_wconf 91' lang='lat' dir='ltr'>quam</span> <span class='ocrx_word' id='word_1_190' title='bbox 572 1904 626 1949; x_wconf 86' lang='lat' dir='ltr'>sit</span> <span class='ocrx_word' id='word_1_191' title='bbox 645 1925 664 1945; x_wconf 74' lang='lat' dir='ltr'>c&lt;</span> <span class='ocrx_word' id='word_1_192' title='bbox 680 1904 877 1949; x_wconf 86' lang='lat' dir='ltr'>Difficilis</span> <span class='ocrx_word' id='word_1_193' title='bbox 891 1903 1131 1966; x_wconf 85' lang='lat' dir='ltr'>paucisque</span> <span class='ocrx_word' id='word_1_194' title='bbox 1143 1901 1403 1948; x_wconf 89' lang='lat' dir='ltr'>conveniens</span> 
     </span>
     <span class='ocr_line' id='line_1_25' title="bbox 28 1971 1407 2033; baseline 0.001 -17"><span class='ocrx_word' id='word_1_195' title='bbox 28 1971 206 2016; x_wconf 89' lang='lat' dir='ltr'>eruditis</span> <span class='ocrx_word' id='word_1_196' title='bbox 219 1982 467 2018; x_wconf 88' lang='lat' dir='ltr'>sanctarum</span> <span class='ocrx_word' id='word_1_197' title='bbox 486 1973 677 2033; x_wconf 87' lang='lat' dir='ltr'>cognitio</span> <span class='ocrx_word' id='word_1_198' title='bbox 695 1974 976 2018; x_wconf 88' lang='lat' dir='ltr'>Litterarum:</span> <span class='ocrx_word' id='word_1_199' title='bbox 994 1971 1212 2028; x_wconf 87' lang='lat' dir='ltr'>videlicet,</span> <span class='ocrx_word' id='word_1_200' title='bbox 1230 1973 1407 2018; x_wconf 88' lang='lat' dir='ltr'>utDeus</span> 
     </span>
     <span class='ocr_line' id='line_1_26' title="bbox 27 2042 1405 2107; baseline 0.001 -21"><span class='ocrx_word' id='word_1_201' title='bbox 27 2042 277 2098; x_wconf 83' lang='lat' dir='ltr'>hominum,</span> <span class='ocrx_word' id='word_1_202' title='bbox 289 2044 399 2089; x_wconf 80' lang='lat' dir='ltr'>sicut</span> <span class='ocrx_word' id='word_1_203' title='bbox 413 2043 601 2090; x_wconf 80' lang='lat' dir='ltr'>universi</span> <span class='ocrx_word' id='word_1_204' title='bbox 612 2045 831 2100; x_wconf 84' lang='lat' dir='ltr'>conditor,</span> <span class='ocrx_word' id='word_1_205' title='bbox 844 2055 885 2090; x_wconf 90' lang='lat' dir='ltr'>et</span> <span class='ocrx_word' id='word_1_206' title='bbox 891 2048 1032 2104; x_wconf 85' lang='lat' dir='ltr'>justus</span> <span class='ocrx_word' id='word_1_207' title='bbox 1042 2054 1083 2089; x_wconf 85' lang='lat' dir='ltr'>et</span> <span class='ocrx_word' id='word_1_208' title='bbox 1098 2060 1222 2089; x_wconf 86' lang='lat' dir='ltr'>verax</span> <span class='ocrx_word' id='word_1_209' title='bbox 1231 2060 1280 2088; x_wconf 85' lang='lat' dir='ltr'>ac</span> <span class='ocrx_word' id='word_1_210' title='bbox 1290 2043 1405 2107; x_wconf 90' lang='lat' dir='ltr'>pius,</span> 
     </span>
     <span class='ocr_line' id='line_1_27' title="bbox 27 2112 1404 2177; baseline 0.001 -20"><span class='ocrx_word' id='word_1_211' title='bbox 27 2112 143 2157; x_wconf 89' lang='lat' dir='ltr'>idem</span> <span class='ocrx_word' id='word_1_212' title='bbox 165 2112 380 2158; x_wconf 88' lang='lat' dir='ltr'>donorum</span> <span class='ocrx_word' id='word_1_213' title='bbox 404 2130 578 2160; x_wconf 88' lang='lat' dir='ltr'>suorum</span> <span class='ocrx_word' id='word_1_214' title='bbox 600 2115 645 2160; x_wconf 90' lang='lat' dir='ltr'>in</span> <span class='ocrx_word' id='word_1_215' title='bbox 660 2115 861 2160; x_wconf 86' lang='lat' dir='ltr'>homines</span> <span class='ocrx_word' id='word_1_216' title='bbox 889 2114 1137 2160; x_wconf 82' lang='lat' dir='ltr'>cumulator</span> <span class='ocrx_word' id='word_1_217' title='bbox 1160 2114 1404 2177; x_wconf 83' lang='lat' dir='ltr'>probetur3</span> 
     </span>
     <span class='ocr_line' id='line_1_28' title="bbox 0 2183 1404 2248; baseline 0.003 -22"><span class='ocrx_word' id='word_1_218' title='bbox 0 2225 2 2227; x_wconf 73' lang='grc'><strong>,</strong></span> <span class='ocrx_word' id='word_1_219' title='bbox 28 2183 131 2245; x_wconf 90' lang='lat' dir='ltr'>quia</span> <span class='ocrx_word' id='word_1_220' title='bbox 143 2199 229 2227; x_wconf 89' lang='lat' dir='ltr'>una</span> <span class='ocrx_word' id='word_1_221' title='bbox 242 2192 320 2238; x_wconf 85' lang='lat' dir='ltr'>est,</span> <span class='ocrx_word' id='word_1_222' title='bbox 336 2193 384 2227; x_wconf 90' lang='lat' dir='ltr'>ut</span> <span class='ocrx_word' id='word_1_223' title='bbox 402 2183 562 2240; x_wconf 84' lang='lat' dir='ltr'>fateris,</span> <span class='ocrx_word' id='word_1_224' title='bbox 578 2186 744 2248; x_wconf 87' lang='lat' dir='ltr'>optima</span> <span class='ocrx_word' id='word_1_225' title='bbox 760 2202 888 2230; x_wconf 89' lang='lat' dir='ltr'>causa</span> <span class='ocrx_word' id='word_1_226' title='bbox 903 2184 1147 2230; x_wconf 88' lang='lat' dir='ltr'>studiorum</span> <span class='ocrx_word' id='word_1_227' title='bbox 1167 2185 1404 2242; x_wconf 89' lang='lat' dir='ltr'>bonorum,</span> 
     </span>
     <span class='ocr_line' id='line_1_29' title="bbox 28 2252 1407 2318; baseline 0.001 -19"><span class='ocrx_word' id='word_1_228' title='bbox 28 2263 79 2299; x_wconf 90' lang='lat' dir='ltr'>ut</span> <span class='ocrx_word' id='word_1_229' title='bbox 97 2252 335 2298; x_wconf 84' lang='lat' dir='ltr'>honoretur</span> <span class='ocrx_word' id='word_1_230' title='bbox 354 2254 483 2300; x_wconf 89' lang='lat' dir='ltr'>Deus.</span> <span class='ocrx_word' id='word_1_231' title='bbox 510 2276 530 2296; x_wconf 82' lang='lat'>›&gt;</span> <span class='ocrx_word' id='word_1_232' title='bbox 546 2256 687 2312; x_wconf 84' lang='lat' dir='ltr'>Quem</span> <span class='ocrx_word' id='word_1_233' title='bbox 707 2266 851 2301; x_wconf 86' lang='lat' dir='ltr'>tamen</span> <span class='ocrx_word' id='word_1_234' title='bbox 871 2256 931 2301; x_wconf 91' lang='lat' dir='ltr'>sic</span> <span class='ocrx_word' id='word_1_235' title='bbox 942 2256 1131 2301; x_wconf 84' lang='lat' dir='ltr'>honoras</span> <span class='ocrx_word' id='word_1_236' title='bbox 1144 2292 1155 2311; x_wconf 91' lang='lat'>,</span> <span class='ocrx_word' id='word_1_237' title='bbox 1177 2265 1227 2301; x_wconf 87' lang='lat' dir='ltr'>ut</span> <span class='ocrx_word' id='word_1_238' title='bbox 1244 2273 1407 2318; x_wconf 86' lang='lat' dir='ltr'>parvu-</span> 
     </span>
     <span class='ocr_line' id='line_1_30' title="bbox 28 2323 1406 2389; baseline 0.003 -21"><span class='ocrx_word' id='word_1_239' title='bbox 28 2323 171 2369; x_wconf 91' lang='lat' dir='ltr'>lorum</span> <span class='ocrx_word' id='word_1_240' title='bbox 182 2323 459 2370; x_wconf 86' lang='lat' dir='ltr'>liberatorem</span> <span class='ocrx_word' id='word_1_241' title='bbox 479 2343 606 2386; x_wconf 84' lang='lat' dir='ltr'>neges</span> <span class='ocrx_word' id='word_1_242' title='bbox 622 2344 700 2389; x_wconf 90' lang='lat' dir='ltr'>per</span> <span class='ocrx_word' id='word_1_243' title='bbox 727 2326 952 2372; x_wconf 88' lang='lat' dir='ltr'>Christum</span> <span class='ocrx_word' id='word_1_244' title='bbox 967 2327 992 2371; x_wconf 83' lang='lat' dir='ltr'>J</span> <span class='ocrx_word' id='word_1_245' title='bbox 996 2343 1132 2380; x_wconf 87' lang='lat' dir='ltr'>esum,</span> <span class='ocrx_word' id='word_1_246' title='bbox 1147 2325 1194 2371; x_wconf 87' lang='lat' dir='ltr'>id</span> <span class='ocrx_word' id='word_1_247' title='bbox 1210 2336 1289 2382; x_wconf 88' lang='lat' dir='ltr'>est,</span> <span class='ocrx_word' id='word_1_248' title='bbox 1313 2326 1406 2372; x_wconf 83' lang='lat' dir='ltr'>Sal-</span> 
     </span>
     <span class='ocr_line' id='line_1_31' title="bbox 0 2397 1406 2461; baseline 0.002 -21"><span class='ocrx_word' id='word_1_249' title='bbox 0 2397 1 2402; x_wconf 72' lang='grc'>’</span> <span class='ocrx_word' id='word_1_250' title='bbox 27 2406 238 2451; x_wconf 83' lang='lat' dir='ltr'>vatorem,</span> <span class='ocrx_word' id='word_1_251' title='bbox 273 2399 396 2455; x_wconf 88' lang='lat' dir='ltr'>cujus</span> <span class='ocrx_word' id='word_1_252' title='bbox 415 2414 486 2442; x_wconf 90' lang='lat' dir='ltr'>eos</span> <span class='ocrx_word' id='word_1_253' title='bbox 505 2397 768 2461; x_wconf 83' lang='lat' dir='ltr'>baptismate</span> <span class='ocrx_word' id='word_1_254' title='bbox 806 2399 866 2443; x_wconf 91' lang='lat' dir='ltr'>sic</span> <span class='ocrx_word' id='word_1_255' title='bbox 891 2398 1012 2443; x_wconf 89' lang='lat' dir='ltr'>ablui</span> <span class='ocrx_word' id='word_1_256' title='bbox 1036 2397 1204 2453; x_wconf 82' lang='lat' dir='ltr'>dicitis,</span> <span class='ocrx_word' id='word_1_257' title='bbox 1248 2408 1298 2443; x_wconf 90' lang='lat' dir='ltr'>ut</span> <span class='ocrx_word' id='word_1_258' title='bbox 1316 2415 1406 2443; x_wconf 90' lang='lat' dir='ltr'>non</span> 
     </span>
     <span class='ocr_line' id='line_1_32' title="bbox 28 2466 1406 2532; baseline 0.001 -22"><span class='ocrx_word' id='word_1_259' title='bbox 28 2477 348 2528; x_wconf 88' lang='lat' dir='ltr'>consequantur</span> <span class='ocrx_word' id='word_1_260' title='bbox 378 2466 577 2524; x_wconf 87' lang='lat' dir='ltr'>salutem,</span> <span class='ocrx_word' id='word_1_261' title='bbox 617 2479 826 2532; x_wconf 85' lang='lat' dir='ltr'>tanquam</span> <span class='ocrx_word' id='word_1_262' title='bbox 866 2467 1035 2513; x_wconf 91' lang='lat' dir='ltr'>medico</span> <span class='ocrx_word' id='word_1_263' title='bbox 1069 2484 1156 2513; x_wconf 89' lang='lat' dir='ltr'>non</span> <span class='ocrx_word' id='word_1_264' title='bbox 1184 2467 1406 2527; x_wconf 87' lang='lat' dir='ltr'>indigeant</span> 
     </span>
     <span class='ocr_line' id='line_1_33' title="bbox 27 2535 1397 2600; baseline 0.001 -20"><span class='ocrx_word' id='word_1_265' title='bbox 27 2535 204 2581; x_wconf 88' lang='lat' dir='ltr'>Christo</span> <span class='ocrx_word' id='word_1_266' title='bbox 221 2554 232 2588; x_wconf 89' lang='grc'><strong>;</strong></span> <span class='ocrx_word' id='word_1_267' title='bbox 251 2535 656 2598; x_wconf 81' lang='lat' dir='ltr'>humanae‘originis</span> <span class='ocrx_word' id='word_1_268' title='bbox 692 2555 846 2584; x_wconf 88' lang='lat' dir='ltr'>venam</span> <span class='ocrx_word' id='word_1_269' title='bbox 873 2538 1081 2598; x_wconf 86' lang='lat' dir='ltr'>sagaciter</span> <span class='ocrx_word' id='word_1_270' title='bbox 1121 2537 1397 2600; x_wconf 89' lang='lat' dir='ltr'>inspiciente,</span> 
     </span>
     <span class='ocr_line' id='line_1_34' title="bbox 31 2607 1403 2669; baseline 0.003 -19"><span class='ocrx_word' id='word_1_271' title='bbox 31 2616 71 2651; x_wconf 85' lang='lat' dir='ltr'>et</span> <span class='ocrx_word' id='word_1_272' title='bbox 96 2622 166 2651; x_wconf 90' lang='lat' dir='ltr'>eos</span> <span class='ocrx_word' id='word_1_273' title='bbox 188 2621 312 2651; x_wconf 81' lang='lat' dir='ltr'>sanos</span> <span class='ocrx_word' id='word_1_274' title='bbox 332 2607 647 2669; x_wconf 85' lang='lat' dir='ltr'>pronuntiante</span> <span class='ocrx_word' id='word_1_275' title='bbox 670 2609 696 2656; x_wconf 83' lang='lat' dir='ltr'>J</span> <span class='ocrx_word' id='word_1_276' title='bbox 701 2608 864 2660; x_wconf 85' lang='lat' dir='ltr'>uliano.</span> <span class='ocrx_word' id='word_1_277' title='bbox 907 2609 1084 2667; x_wconf 84' lang='lat' dir='ltr'>Quanto</span> <span class='ocrx_word' id='word_1_278' title='bbox 1106 2607 1257 2655; x_wconf 88' lang='lat' dir='ltr'>melius</span> <span class='ocrx_word' id='word_1_279' title='bbox 1289 2607 1403 2654; x_wconf 87' lang='lat' dir='ltr'>nihil</span> 
     </span>
    </p>
   </div>
  </div>
 </body>
</html>
