1843 3190
388 299 479 363 372
808 314 844 345 s.
886 311 1132 343 mensum
1166 310 1371 343 EP1scom

386 380 446 426 eis
461 379 615 426 datum
639 379 807 426 estsine
824 379 982 444 culpa;
1009 388 1052 424 et
1082 377 1188 424 facti
1216 387 1317 422 sunt
1337 375 1459 433 mali,
1479 392 1569 422 non
1586 390 1666 439 per
1683 371 1766 419 ad-

387 450 636 496 mixtionem
659 450 780 507 mali,
807 449 879 496 sed
907 467 985 513 per
1007 447 1294 495 defectionem
1314 446 1436 494 boni.

454 520 588 567 LXV.
610 520 729 567 Dicis
753 558 764 577 ,
787 542 808 562 «
827 521 901 566 Ob
911 521 998 566 hoc
1020 537 1044 566 a
1062 536 1129 564 me
1147 518 1386 564 Christiani
1404 516 1614 581 temporis
1631 513 1771 561 conti·

389 590 579 636 nentiam
597 589 726 637 fuisse
747 590 986 648 laudatam,
1013 607 1101 635 non
1125 599 1174 635 ut
1201 589 1257 635 ad
1280 587 1570 649 virginitatem
1592 583 1773 632 incede-

389 672 540 708 rentur
562 661 779 719 homines,
821 662 894 708 sed
921 672 969 707 ut
1007 661 1176 707 bonum
1215 660 1469 724 nuptiarum
1500 657 1619 722 quod
1638 674 1662 702 a
1683 656 1775 701 Deo

379 733 636 778 institutum
661 743 722 778 est
740 733 1034 779 damnaretur.
1059 753 1079 773 >>
1110 731 1197 777 Sed
1220 749 1274 776 ne
1298 731 1463 794 puteris
1492 727 1701 776 malevola
1723 725 1777 771 de

394 803 539 847 animo
556 819 651 847 meo
672 803 916 866 suspicione
937 801 1144 865 torqueri.
1171 799 1291 846 velut
1315 800 1505 864 probare
1523 815 1592 844 me
1607 796 1775 851 volenS,

395 872 505 917 dicis
520 872 632 917 mihi
655 891 665 918 ε
691 894 711 914 ι(
735 873 780 918 Si
801 872 986 918 fideliter
1001 871 1160 918 in'vitas
1179 871 1378 917 homines
1396 870 1451 915 ad
1467 868 1658 916 studium
1679 882 1781 912 con-

396 942 612 998 tinentiae,
640 942 786 988 fateris
811 959 911 1003 ergo
931 943 993 988 ita
1016 941 1222 988 virtutem
1243 940 1477 1004 pudicitiae
1495 958 1517 986 a
1536 937 1783 986 volentibus

398 1028 521 1076 posse
544 1014 729 1069 servari,
754 1024 803 1058 ut
820 1013 874 1058 sit
899 1013 1169 1076 quicumque
1189 1011 1377 1058 voluerit
1394 1027 1576 1074 corpore
1612 1017 1784 1054 sanctus

400 1093 442 1127 et
466 1082 637 1145 spiritu.
665 1062 943 1164 Respondeo,
962 1100 1030 1128 me
1046 1083 1190 1139 fateri,
1211 1082 1285 1128 sed
1305 1099 1396 1128 non
1421 1082 1533 1128 sicut
1557 1096 1650 1127 vos,
1673 1079 1786 1124 Nam

403 1170 480 1198 vos
514 1153 650 1214 ipsius
674 1154 808 1200 animi
842 1155 1011 1200 viribus
1033 1154 1122 1199 hoc
1166 1153 1387 1209 tribuitis,
1415 1169 1492 1213 ego
1525 1150 1688 1211 adetae
1710 1164 1789 1211 per

402 1227 485 1268 Dei
526 1224 710 1282 gratiam
735 1224 966 1272 voluntati.
998 1225 1311 1272 Verumtamen
1339 1223 1447 1288 quid
1482 1220 1791 1285 comprimitur

407 1293 540 1339 animi
560 1294 745 1357 imperio
763 1313 817 1341 ne
834 1306 1058 1359 peccetur,
1085 1296 1168 1341 nisi
1190 1295 1353 1341 malum
1367 1311 1455 1359 quo
1475 1294 1675 1341 vincente
1691 1306 1792 1354 pec.-

408 1367 563 1410 catur?
598 1365 731 1422 Quod
763 1367 929 1413 malum
959 1385 1012 1413 ne
1046 1366 1244 1412 dicamus
1274 1382 1377 1411 cum
1409 1363 1668 1411 Manichaeis
1691 1372 1793 1407 tan-

409 1451 542 1498 quam
563 1452 611 1481 ex
638 1436 776 1482 aliena
799 1438 905 1483 mali
923 1448 1077 1484 natura
1097 1437 1226 1483 nobis
1246 1453 1332 1482 esse
1347 1435 1648 1489 commixtum,
1667 1440 1796 1478 restat

411 1516 462 1551 ut
480 1505 526 1551 in
539 1516 685 1552 nostra
699 1518 857 1554 natura
874 1519 1085 1572 tanquam
1099 1507 1259 1554 vulnus
1285 1506 1462 1571 aliquod
1480 1505 1694 1552 fateamur
1712 1518 1799 1548 esse

415 1576 659 1623 sanandum
678 1615 689 1635 ,
735 1582 860 1639 cujus
913 1591 1080 1627 reatum
1116 1583 1206 1640 jam
1257 1578 1445 1626 fatemur
1481 1574 1798 1638 regeneratione

416 1658 632 1694 sanatum.

482 1718 642 1764 LXVI.
668 1719 782 1765 Ecce
797 1720 959 1767 frustra
982 1721 1261 1777 enumerasti,
1284 1720 1446 1783 quibus
1464 1736 1538 1765 me⁴
1552 1733 1798 1781 comparas,

420 1798 484 1834 tot
508 1788 823 1836 haereticorum
851 1791 1043 1849 fraudes,
1067 1808 1254 1855 quorum
1281 1792 1448 1837 utinam
1465 1805 1695 1836 numerum
1715 1803 1801 1833 non

421 1874 608 1917 augeres,
632 1880 652 1899 «
671 1860 923 1922 Apostolica
945 1862 1172 1918 sententia,
1201 1877 1289 1924 qua
1307 1871 1428 1906 notat
1449 1860 1680 1906 haereticos
1696 1873 1800 1921 pro-

419 1928 622 1974 hibentes
644 1929 827 1986 nubere‚
857 1933 985 1978 etiam
1013 1949 1082 1978 me
1105 1932 1251 1978 asseris
1279 1930 1434 1991 tangi1
1457 1948 1467 1976 :
1495 1929 1618 1993 quasi
1640 1928 1801 1983 dicam,

421 2008 523 2061 post
542 1997 779 2045 adventum
811 2002 977 2048 Christi
995 2002 1141 2065 turpia
1167 2018 1253 2047 esse
1277 2002 1494 2062 conjugia.
1518 2022 1539 2042 >2
1574 1999 1689 2047 Audi
1708 2014 1801 2058 erge

424 2068 544 2131 quod
567 2067 768 2126 dicimus,
791 2082 840 2117 ut
867 2072 954 2119 hoc
975 2073 1121 2136 ipsum
1146 2071 1297 2117 multis
1320 2071 1461 2117 modis
1481 2088 1531 2117 ac
1544 2071 1703 2133 saepius
1727 2084 1801 2114 au-

427 2137 604 2192 diendo,
625 2156 713 2184 non
729 2139 972 2188 dissimules
996 2141 1219 2189 veritatem
1238 2141 1447 2186 simulans
1464 2139 1656 2204 quodam
1679 2136 1801 2183 mode

427 2208 698 2255 surditatem.
747 2211 845 2256 Non
885 2212 1071 2259 dicimus
1107 2211 1254 2274 turpia
1281 2228 1366 2256 esse
1391 2210 1611 2270 conjugia3
1634 2206 1802 2272 quande

428 2278 608 2341 quidem
635 2296 689 2324 ne
724 2280 1041 2329 incontinentia
1069 2284 1115 2329 in
1134 2281 1386 2327 damnabile
1419 2280 1548 2327 cadat
1575 2279 1803 2339 flagitium,

430 2348 654 2394 fulcienda
668 2360 730 2394 est
751 2350 978 2399 honestate
992 2352 1266 2415 nuptiarum.
1293 2351 1379 2396 Sed
1408 2350 1528 2414 quod
1552 2366 1629 2396 vos
1653 2347 1798 2394 dicitis

430 2417 679 2463 Christiana
695 2419 893 2469 doctrina
909 2440 999 2468 non
1015 2423 1139 2477 dicit,
1157 2421 1203 2467 id
1219 2431 1301 2477 est,
1317 2431 1366 2466 ut
1381 2421 1514 2467 verba
1532 2431 1608 2466 tua
1627 2434 1803 2483 ponam:

431 2510 451 2530 α
474 2488 708 2534 Hominem
733 2491 926 2538 sufficere
947 2493 1148 2553 ingenitis
1170 2493 1254 2538 sibi
1278 2492 1473 2537 motibus
1492 2491 1594 2537 dare
1621 2490 1733 2549 leges
1759 2505 1772 2532 t
1793 2508 1804 2529 ι

427 2559 517 2605 hoc
530 2575 618 2604 non
631 2558 818 2610 dicimus
836 2584 848 2620 ;
870 2563 945 2612 sed
965 2563 1152 2612 dicimus
1173 2563 1294 2628 quod
1311 2562 1418 2611 dixit
1438 2559 1688 2626 Apostolus,
1711 2574 1804 2607 cum

512 2656 526 2675 1
545 2642 631 2679 Tim.
648 2655 696 2689 tv,
718 2646 751 2680 3.
