1843 3190
354 322 450 377 426
778 338 812 368 s.
856 338 1101 368 AUGUSTINI
1135 338 1340 370 EPISCOPI

352 401 563 463 intelligat
581 404 679 468 quis
697 442 707 458 ,
733 405 811 450 nisi
831 405 907 467 qui
931 421 1017 449 non
1044 405 1258 451 erubescit
1288 405 1485 463 laudare,
1516 422 1616 452 cum
1637 422 1726 469 qua

356 472 634 535 compellitur
663 474 902 520 dimicare?
941 475 996 519 Et
1026 476 1247 538 quomodo
1274 487 1314 522 te
1332 480 1469 536 jactas
1500 487 1541 522 et
1566 476 1726 522 exultas

352 542 397 586 in
420 545 716 603 redarguendo
740 546 862 591 istan]
885 546 1160 601 sententiam,
1189 563 1277 592 non
1303 565 1442 593 meam
1466 540 1596 611 plane
1613 584 1624 604 ,
1652 546 1725 593 sed

352 621 486 660 tuam.
519 616 639 661 Talia
664 617 831 680 quippe
858 617 966 662 dicis
983 655 993 671 ‚
1031 616 1177 679 qualia
1210 612 1394 664 dicenda
1427 629 1526 664 sunt
1549 619 1594 664 in
1623 635 1721 673 eos,

350 685 426 745 qui
444 702 522 747 per
546 685 813 750 baptismum
837 687 1150 733 sanctificatam
1173 698 1214 732 et
1234 684 1404 733 fidelem
1428 687 1588 734 factam
1616 705 1726 734 con-

352 758 665 817 cupiscentiam
693 758 832 803 carnis
854 757 1068 803 affirniant
1083 758 1129 802 in
1155 758 1214 803 eis
1229 795 1239 813 ‚
1262 758 1307 803 in
1326 759 1488 820 quibus
1508 775 1727 817 regenera-

351 824 405 869 tis
441 837 586 872 manet
626 838 782 874 tamen.
826 827 911 873 Sed
940 828 1027 872 hoc
1061 828 1140 873 tibi
1162 827 1309 891 potius
1334 828 1410 891 qui
1446 845 1537 874 eam
1564 829 1727 874 bonam

350 893 592 957 praedicas,
640 899 840 944 convenit
872 898 1046 944 dicere:
1081 921 1101 941 α
1121 899 1179 944 Ut
1219 899 1337 944 bono
1384 902 1475 958 eJ'us
1507 898 1723 954 naturali,

353 965 466 1010 sicut
505 966 748 1014 infantibus
793 968 937 1015 dicitis
958 1006 969 1025 ‚
997 969 1169 1015 Bonum
1205 969 1559 1015 sanctificationis
1594 986 1723 1015 acce-

351 1031 428 1079 dat
446 1073 456 1092 ‚
478 1058 498 1079 »
523 1050 564 1084 et
586 1039 640 1085 sit
664 1041 803 1086 carnis
827 1039 1181 1103 concupiscentia
1217 1050 1366 1085 sancta
1395 1040 1475 1086 Dei
1497 1039 1600 1086 filia.
1639 1040 1728 1085 Nos

352 1116 493 1153 autem
514 1109 592 1173 qui
613 1127 706 1156 eam
722 1110 880 1156 malam
899 1110 1105 1166 dicimus,
1121 1121 1163 1156 et
1182 1127 1354 1156 manere
1376 1121 1521 1155 tamen
1546 1110 1592 1155 in
1612 1109 1727 1173 bap-

351 1175 489 1222 tizatis
507 1216 517 1234 ‚
544 1181 741 1243 quamvis
765 1191 904 1226 reatus
927 1184 1018 1240 ejus
1036 1217 1047 1233 ,
1074 1197 1161 1226 non
1182 1196 1270 1243 quo
1286 1179 1379 1243 ipsa
1399 1190 1488 1225 erat
1511 1197 1600 1236 rea,
1628 1179 1726 1241 (ne-

352 1262 435 1307 que
461 1250 576 1295 enim
598 1251 741 1314 aliqua
769 1268 949 1314 persona
971 1261 1057 1305 est,
1081 1251 1096 1313 )
1129 1249 1201 1295 sed
1230 1267 1318 1313 quo
1346 1267 1467 1296 reum
1502 1249 1725 1295 hominem

352 1317 618 1377 originaliter
659 1321 847 1368 faciebat
863 1358 873 1377 ‚
915 1319 1048 1366 fuerit
1081 1321 1281 1368 remissus
1318 1331 1445 1384 atque
1492 1331 1723 1373 vacuatu83

349 1387 461 1434 absit
489 1402 536 1436 ut
568 1391 764 1438 dicamus
797 1392 1083 1447 sanctificari,
1125 1408 1225 1438 cum
1258 1408 1345 1454 qua
1374 1408 1541 1437 necesse
1560 1391 1727 1437 habent

348 1462 608 1519 regenerati,
636 1464 669 1509 si
694 1481 781 1509 non
814 1464 859 1509 in
890 1481 1079 1509 vacuum
1104 1454 1182 1508 Dei
1207 1463 1388 1522 gratiam
1417 1472 1722 1525 susceperuut,

346 1529 550 1577 intestino
569 1534 760 1596 quodam
783 1528 899 1579 bello
917 1545 1122 1597 tanquam
1146 1550 1246 1579 cum
1266 1525 1389 1578 hoste
1410 1532 1656 1592 confligere,
1682 1543 1724 1577 et

349 1601 406 1646 ab
428 1618 473 1646 ea
494 1614 612 1665 peste
633 1604 871 1651 desiderare
898 1615 1025 1668 atque
1046 1615 1197 1667 optare
1221 1603 1377 1650 sanari.

411 1673 510 1719 Lll.
555 1675 666 1719 Nam
688 1675 719 1719 si
740 1686 969 1738 propterea
993 1675 1102 1720 dicis
1117 1712 1128 1728 ‚
1153 1673 1272 1719 nulla
1295 1673 1408 1719 mala
1436 1690 1656 1719 remanere
1679 1673 1725 1719 in

344 1740 578 1804 baptizatis
593 1781 604 1798 ‚
632 1762 685 1789 ne
699 1745 793 1808 ipsa
814 1745 927 1791 mala
946 1745 1168 1808 baptizata
1191 1755 1233 1789 et
1252 1744 1518 1789 sanctificata
1535 1743 1726 1789 'credan-

344 1822 443 1865 tur3
467 1813 566 1858 vide
599 1826 761 1878 quanta
799 1826 839 1860 te
873 1826 1078 1877 sequatur
1098 1813 1356 1860 absurditas,
1388 1814 1434 1859 Si
1451 1813 1562 1858 enim
1589 1812 1724 1876 quid-

342 1883 449 1946 quid
468 1894 528 1928 est
548 1884 591 1928 in
617 1885 795 1931 homine
811 1886 988 1950 quando
1008 1885 1276 1948 baptizatur,
1296 1883 1511 1948 baptizari
1534 1893 1575 1929 et
1597 1901 1724 1929 sanc-

343 1954 499 1999 tificari
520 1956 767 2017 putandum
783 1967 872 2010 est3
893 1956 1090 2002 dicturus
1109 1973 1149 2001 es
1173 1966 1215 2000 et
1238 1955 1331 2017 ipsa
1350 1954 1393 1999 in
1415 1953 1492 2000 illo
1508 1954 1724 2016 baptizari

341 2037 383 2072 et
405 2026 690 2080 sanctificari,
720 2043 821 2089 quae
854 2027 896 2071 in
932 2025 1144 2071 intestinis
1170 2035 1212 2069 et
1233 2025 1373 2070 vesica
1409 2034 1509 2069 sunt
1539 2040 1615 2086 per
1649 2023 1723 2069 di-

340 2097 548 2157 gestiones
567 2097 761 2159 corporis
781 2096 1003 2157 egerenda.
1031 2096 1238 2141 Dicturus
1256 2112 1299 2140 es
1315 2093 1530 2157 baptizari
1547 2104 1589 2138 et
1601 2111 1721 2139 sanc-

339 2167 496 2213 tificari
523 2166 745 2213 hominem
770 2168 815 2213 in
842 2169 991 2214 matris
1012 2177 1134 2213 utero
1157 2166 1441 2211 constitutum
1460 2201 1471 2220 ,
1496 2164 1531 2209 si
1556 2163 1611 2209 ad
1635 2162 1722 2210 hoc

340 2248 656 2283 sacramentum
683 2238 988 2301 accipiendum
1014 2236 1236 2297 gravidam
1256 2234 1483 2280 necessitas
1501 2244 1656 2294 cogat3
1680 2245 1723 2280 et

337 2307 433 2353 ideo
460 2308 675 2370 baptizari
706 2312 800 2368 jam
839 2326 927 2354 non
968 2307 1126 2353 debere
1162 2306 1238 2369 qui
1259 2305 1464 2351 nascitur.
1497 2306 1721 2350 Postremo

338 2378 536 2424 dicturus
550 2396 592 2423 es
606 2390 645 2424 et
662 2380 779 2442 ipsas
797 2380 1011 2443 baptizari
1035 2389 1077 2424 et
1089 2377 1350 2423 sanctificari
1362 2376 1524 2430 febres,
1539 2375 1719 2438 quando

335 2448 617 2511 baptizantur
637 2451 815 2508 aegroti3
846 2467 896 2495 ac
928 2466 1005 2512 per
1035 2448 1123 2493 hoc
1150 2446 1366 2509 baptizari
1389 2456 1431 2491 et
1459 2445 1720 2499 sanctificari

334 2520 464 2566 etiam
504 2536 636 2583 opera
674 2520 874 2567 diaboli:
910 2520 1030 2567 velut
1059 2519 1094 2565 si
1127 2518 1282 2578 mulier
1314 2515 1720 2580 illarbaptizaretur

336 2600 434 2636 ante
452 2607 585 2654 quam
611 2602 838 2643 curaretur
850 2591 888 2649 1,
914 2608 1048 2655 quam
1069 2590 1248 2639 Satanas
1269 2589 1316 2636 in
1343 2587 1596 2640 infirmitate
1614 2586 1718 2634 alli-

381 2668 393 2692 ¹
416 2666 494 2702 leuc.
512 2680 590 2710 xm,
616 2681 670 2704 ιι.
