1843 3190
301 233 477 266 CONTRA
509 233 735 279 JUHANUM.
771 233 1078 284 rELAerANUM,
1116 236 1204 268 tls.
1246 238 1308 270 ιν.
1387 224 1478 288 303

108 309 267 351 sunt.»
289 301 431 365 Atque
450 310 499 346 ut
519 299 606 346 hoc
631 299 867 363 probares,
895 299 1131 364 subdidisti
1154 318 1203 347 ea
1224 319 1325 366 quae
1359 322 1382 350 a
1412 322 1481 352 me

110 387 283 450 quoque
307 370 437 417 modo
457 381 794 417 commemorata
824 382 952 429 sunt,
988 359 1360 437 philosophorum
1397 393 1481 422 no-

109 441 226 490 mina
246 441 532 520 physicorum
556 457 656 486 cum
677 442 958 506 opinionibus
973 443 1058 489 suis
1084 480 1096 500 ,
1130 461 1216 507 qua
1237 444 1290 490 de
1313 456 1486 493 natura-

108 510 225 563 libus
245 513 383 558 causis
405 512 684 576 babuerunt.
705 529 784 558 nec
806 523 949 558 tamen
971 529 1307 560 commemorare
1338 533 1484 578 omnes

110 581 198 629 sive
219 582 420 639 voluisti,
444 581 530 628 sive
549 582 744 645 potuisti.
774 582 907 645 Qua
896 599 942 627 ιιι
967 600 1012 627 re
1030 583 1228 629 homines
1258 585 1486 649 imperitos

107 644 229 716 nullo
254 644 485 714 doctorum
504 643 734 699 dubitante
756 653 980 701 fraudasti.
1013 653 1111 700 Hoc
1142 655 1254 700 enim
1281 655 1486 703 demons-

111 733 221 769 trare
243 740 515 801 susceperas,
540 744 559 763 «
577 724 740 769 Omnes
762 723 1072 788 philosophos,
1106 725 1182 788 qui
1198 724 1251 771 de
1270 726 1486 790 naturali--

109 792 194 839 bus
214 809 352 858 causis
370 793 537 859 aliquid
553 794 791 854 excogitare
812 795 959 840 conati
985 805 1085 840 sunt
1100 797 1224 854 ,Jure
1241 812 1364 859 posse
1381 784 1487 842 huic

114 862 338 924 dogmati,
367 874 519 909 contra
538 830 680 928 quodo
691 882 831 925 ageres
871 864 1131 911 anteferri.»
1155 866 1247 911 Cur
1278 884 1407 926 erg,o
1443 877 1492 913 ut
1555 918 1559 922 -

111 934 164 979 de
191 933 282 980 aliis
300 934 501 1004 plurimis
524 946 720 993 taceam,
743 953 844 981 cum
867 953 1243 982 commemorasses
1263 938 1489 984 Anaxime-

109 1021 209 1067 nem
234 1008 413 1074 ejusque
439 1005 710 1069 discipulum
736 1007 1062 1070 Anaxagoram,
1093 1007 1267 1052 tacuisti
1308 1007 1490 1053 alterum

109 1077 201 1137 eJus
232 1065 502 1144 discipulum
544 1075 813 1135 Diogenem,
834 1077 911 1140 qui
933 1086 973 1121 et
998 1093 1021 1120 a
1044 1077 1249 1135 magistro
1273 1087 1315 1122 et
1338 1095 1360 1122 a
1379 1095 1490 1123 con-

110 1143 329 1209 discipulo
352 1163 429 1192 suo
455 1147 501 1191 in
522 1162 668 1191 rerum
698 1156 867 1192 naturae
894 1145 1099 1208 opinione
1124 1146 1350 1201 dissensit,
1376 1165 1486 1210 pro-

108 1215 344 1280 priumque
371 1216 531 1276 dogma
567 1216 826 1262 constituit?
863 1217 985 1273 Quid
1017 1217 1052 1262 si
1094 1216 1179 1262 tale
1216 1217 1380 1281 aliquid
1399 1218 1491 1282 ipse

109 1286 238 1351 sensit
255 1324 266 1343 ,
295 1297 344 1333 ut
363 1287 492 1333 nobis
510 1304 599 1333 non
625 1299 735 1333 esset
759 1287 1112 1351 anteponendus,
1144 1288 1306 1352 quibus
1343 1305 1489 1350 omnes

109 1357 186 1428 qui
211 1357 264 1403 de
281 1375 425 1404 rerum
447 1368 603 1403 natura
647 1358 955 1421 philosophati
992 1369 1118 1415 sunt,
1163 1359 1487 1421 anteponendos

109 1444 195 1474 esse
216 1428 382 1484 dixisti3
410 1440 538 1492 atque
562 1439 611 1475 ut
630 1429 717 1475 hoc
739 1430 862 1494 quasi
881 1429 1140 1485 ostenderes,
1161 1439 1202 1474 te
1229 1430 1275 1474 in
1298 1447 1485 1475 comme-

109 1499 332 1545 morandis
360 1499 518 1545 frustra
552 1500 803 1545 nominibus
825 1510 865 1545 et
885 1499 1163 1560 dogmatibus
1189 1499 1487 1563 philosopho-

108 1585 209 1615 rum
230 1569 486 1633 insipienter
509 1570 698 1616 inssastiP
712 1572 825 1616 Ecce
843 1570 1071 1634 praeteristi
1083 1587 1218 1616 unum
1235 1607 1246 1625 ,
1269 1588 1398 1635 quem
1417 1571 1486 1617 vel

110 1657 159 1686 ex
185 1641 392 1701 magistro
421 1641 489 1688 vel
526 1659 573 1687 ex
601 1642 905 1705 condiscipulo
935 1659 1044 1706 quos
1078 1642 1332 1698 nominasti,
1365 1646 1489 1702 juxta

112 1709 332 1756 attendere
355 1710 558 1758 debuisti.
591 1713 659 1775 An
681 1711 792 1757 forte
828 1711 1012 1756 timuisti
1038 1728 1091 1757 ne
1114 1711 1325 1772 Diogenes
1350 1712 1491 1774 Cyni-

112 1797 189 1826 cus
212 1791 458 1844 putaretur,
499 1792 573 1827 aut
609 1780 680 1827 ille
721 1781 852 1826 etiam
884 1780 1127 1840 legentibus
1165 1792 1346 1845 propter
1375 1782 1491 1828 idem

111 1869 271 1897 nomen
292 1863 562 1908 occurreret,
594 1862 637 1897 et
658 1852 824 1898 veniret
850 1852 895 1898 in
918 1862 1105 1897 mentem
1128 1851 1250 1915 quod
1275 1852 1426 1898 melior
1449 1862 1490 1898 te

110 1932 322 1985 patronus
347 1922 545 1968 libidinis
564 1921 694 1967 fuerit
708 1958 718 1977 ,
742 1921 795 1967 de
812 1938 898 1986 qua
917 1921 1150 1967 exercenda
1173 1939 1262 1967 non
1282 1939 1489 1969 verecun-

112 1991 303 2037 dabatur
325 1993 371 2037 in
394 1992 609 2056 publico?
635 1991 751 2037 unde
775 1991 850 2037 illa
876 2002 988 2037 secta
1016 1992 1220 2037 caninum
1240 2009 1398 2037 nomen
1423 2009 1490 2037 ac-

113 2061 243 2125 cepit.
275 2063 345 2108 Tu
369 2073 513 2108 autem
538 2061 806 2108 defensorem
832 2061 1010 2125 quidem
1030 2061 1224 2107 libidinis
1246 2062 1486 2125 profiteris,

113 2131 187 2178 sed
211 2132 264 2178 de
283 2143 355 2178 tua
376 2143 602 2195 suscepta,
636 2131 757 2196 quod
792 2131 923 2177 fidem
959 2131 1289 2195 libertatemque
1317 2131 1495 2195 patroni

113 2220 204 2259 non
221 2203 426 2249 decuerat
444 2240 454 2258 ,
476 2202 707 2249 erubescis.

183 2275 218 2318 L
223 2274 382 2320 XXVI.
426 2273 588 2319 Verum
607 2273 786 2318 obsecro
811 2282 876 2327 te,
908 2271 942 2317 si
964 2270 1254 2335 philosophos
1271 2271 1399 2317 nobis
1421 2290 1495 2317 an-

115 2355 320 2408 teponere
343 2344 577 2404 gestiebas,
612 2361 691 2389 cur
721 2360 809 2388 non
839 2343 986 2406 potius
1013 2360 1082 2388 eos
1119 2344 1491 2401 commemorasti,

116 2417 193 2480 qui
223 2415 277 2461 de
306 2415 534 2472 moribus,
566 2432 665 2478 quae
689 2432 790 2478 pars
817 2415 870 2459 ab
902 2414 959 2459 eis
988 2413 1288 2477 philosophiae
1313 2431 1408 2460 ιοο
1412 2382 1496 2460 itui·

117 2486 305 2542 Ethica,
339 2503 470 2550 quam
502 2503 580 2531 nos
610 2486 818 2531 Moralem
851 2485 1063 2541 dicimus,
1102 2484 1373 2529 solertissime
1406 2485 1499 2530 dis-

116 2558 360 2619 putarunt?
393 2556 491 2601 Hoc
529 2557 643 2602 enim
672 2555 755 2602 tibi
782 2555 1059 2619 potissimum
1099 2553 1391 2614 congruebat,
1425 2555 1502 2618 qui
