1843 3190
357 323 449 371 308
772 339 808 368 s.
850 335 1093 369 Aueusrmt
1127 334 1332 367 EP1scoP1

356 415 421 451 ter
438 421 629 469 quaerere
650 403 844 450 noluisti.
876 424 897 445 α
918 403 1154 449 Inhonesta
1179 424 1200 446 »
1223 401 1331 448 dixit
1359 400 1592 465 Apostolus
1607 436 1619 457 ,
1652 399 1727 446 sed

354 475 556 521 nonnulli
572 476 826 538 interpretes
839 511 851 531 ,
873 474 919 519 in
937 474 1098 538 quibus
1114 485 1156 520 et
1172 474 1249 519 iste
1269 483 1330 518 est
1346 510 1357 530 ‚
1378 482 1593 537 quantum
1615 470 1728 517 arbi-

353 556 444 590 tror
461 582 472 602 ,
503 562 632 609 quem
659 545 798 606 legisti
817 581 828 601 ,
862 544 992 590 credo
1021 543 1301 590 verecundati
1323 565 1344 585 «
1367 541 1688 589 verecundiora
1705 561 1726 582 >2

353 615 581 669 dixerunt,
608 632 707 679 quae
739 615 810 661 ille
845 614 952 660 dixit
975 635 996 656 «
1015 614 1282 660 Inhonesta:
1313 635 1334 656 ›>
1367 612 1488 677 quod
1512 611 1728 676 probatur

352 703 398 731 ex
421 687 564 732 verbis
579 687 624 732 in
645 687 740 749 ipso
766 686 916 732 codice
940 685 1113 748 scriptis
1132 722 1143 741 ‚
1164 684 1279 731 unde
1300 684 1380 730 ista
1398 683 1531 730 verba
1550 692 1727 746 aposto-

349 754 435 801 lica
457 756 723 803 transtulisti.
752 756 884 813 Quod
904 757 1018 802 enim
1040 756 1117 801 abs
1136 767 1174 800 te
1190 755 1382 818 positum
1395 765 1457 800 est
1479 775 1500 796 α
1514 753 1728 799 Verecun-

351 825 472 872 diora
489 864 500 883 ‚
525 848 544 868 »
566 828 611 872 in
633 828 788 873 Graeco
819 827 975 886 legitur
999 829 1200 888 οἰχ-ἥμονες.
1241 825 1373 882 Quod
1404 834 1549 870 autem
1580 822 1728 886 sequi-

349 906 444 953 tur,
495 918 515 938 ε(
543 901 757 957 Majorem
796 898 1068 943 honestatem
1108 896 1300 952 habent,
1321 917 1341 937 »
1382 895 1427 941 in
1468 895 1624 940 Graeco
1666 903 1729 939 est

350 972 620 1029 εὐχημοσύνγρκ
637 1003 648 1023 ,
676 966 794 1031 quod
817 967 981 1027 integre
1000 967 1334 1030 interpretatum
1360 975 1448 1021 est,
1478 985 1499 1006 ε(
1519 965 1728 1010 Honesta-

347 1047 449 1084 tem.
475 1059 496 1079 >2
520 1037 646 1083 Unde
670 1047 853 1102 apparet
881 1037 955 1083 illa
979 1054 1079 1101 quae
1106 1041 1292 1100 άχγῖμονα
1317 1036 1434 1081 dicta
1457 1046 1557 1081 sunt
1575 1072 1586 1091 ,
1609 1056 1630 1076 «
1648 1035 1728 1079 In-

346 1107 527 1153 honesta
547 1129 567 1150 »
598 1109 751 1154 Latine
789 1108 1016 1172 appellari.
1061 1110 1286 1154 Postremo
1317 1106 1439 1171 quod
1470 1105 1728 1166 adjunctum

346 1188 429 1234 est,
455 1199 475 1219 ‹<
496 1179 608 1235 Quae
633 1189 776 1224 autem
796 1190 895 1224 sunt
915 1179 1095 1224 honesta
1118 1189 1288 1234 nostra,
1314 1199 1335 1219 »
1379 1178 1560 1223 Graecus
1593 1175 1729 1221 habet

347 1254 563 1310 εὐχῆμονα.
599 1248 725 1294 Unde
758 1249 1034 1295 manifestum
1067 1259 1129 1294 est
1163 1248 1237 1294 illa
1261 1265 1362 1312 quae
1393 1251 1581 1311 οἰχ-ήμονα
1611 1245 1725 1292 dicta

346 1328 475 1370 sunt,
508 1338 528 1358 c<
556 1318 794 1364 Inhonesta
815 1340 835 1360 »
859 1336 957 1366 esse.
991 1319 1202 1376 Quamvis
1237 1330 1280 1364 et
1308 1318 1431 1364 nulla
1468 1319 1726 1364 Graecorum

346 1387 688 1433 consideratione
713 1389 951 1435 verborum
969 1406 1018 1435 eo
1047 1390 1142 1452 ipso
1163 1389 1353 1435 debuisti
1379 1388 1629 1444 admoneri,
1654 1389 1726 1434 in-

343 1456 527 1503 honesta
551 1471 636 1504 esse
658 1458 732 1504 illa
752 1476 852 1523 quae
872 1459 1237 1506 abundantiorem
1268 1460 1539 1506 honestatem
1560 1459 1727 1504 habent

344 1527 569 1574 velaminis
587 1547 599 1582 ς
621 1529 797 1593 quando
822 1547 870 1576 ea
888 1547 988 1593 quae
1004 1531 1092 1576 hoc
1110 1547 1220 1594 opus
1236 1547 1325 1576 non
1343 1531 1530 1586 habent,
1546 1530 1727 1576 honesta

344 1608 444 1643 sunt
476 1597 610 1646 dicta.
645 1599 765 1655 Quid
792 1611 852 1645 est
876 1600 1020 1657 enim,
1051 1622 1071 1643 c<
1102 1601 1215 1657 Quae
1245 1611 1387 1646 autem
1419 1601 1600 1647 honesta
1624 1609 1726 1646 sunt

343 1678 489 1713 nostra
503 1705 514 1724 ,
534 1685 623 1713 non
641 1685 751 1731 opus
771 1670 936 1716 habent
954 1689 964 1715 ε
986 1693 1006 1712 »
1032 1671 1114 1716 nisi
1136 1671 1210 1716 illa
1228 1670 1456 1717 inhonesta
1472 1681 1573 1716 sunt
1589 1708 1601 1728 ‚
1625 1687 1725 1734 quae

344 1754 453 1801 opus
476 1738 673 1784 habent?
701 1740 914 1786 Honestas
939 1759 1039 1801 ergo
1067 1741 1303 1787 adhibetur
1331 1742 1592 1798 inhonestis,
1623 1758 1725 1787 cum

343 1808 564 1853 rationalis
586 1820 754 1855 naturae
778 1827 902 1857 sensu
924 1812 1019 1874 ipso
1044 1811 1364 1858 verecundante
1388 1811 1603 1858 velantur.
1633 1811 1724 1856 Eo-

343 1895 442 1924 rum
473 1879 640 1941 quippe
675 1879 875 1925 honestas
906 1892 948 1927 et
979 1882 1123 1927 honor
1155 1892 1216 1927 est
1253 1881 1572 1938 velamentum,
1600 1892 1723 1927 tanto

344 1948 661 2005 abundantius,
689 1961 854 2012 quanto
880 1952 1014 2011 magis
1048 1952 1281 1999 inhonesta
1307 1962 1419 1998 sunt.
1453 1951 1584 2008 Quod
1611 1968 1722 2015 pro-

341 2019 453 2064 fecto
477 2036 566 2064 non
590 2019 752 2065 diceret
776 2022 1009 2084 Apostolus
1027 2059 1038 2077 ‚
1067 2023 1101 2068 si
1128 2040 1288 2086 corpus
1317 2022 1401 2067 tale
1431 2021 1717 2079 describeret,

342 2089 468 2153 quale
493 2089 720 2136 habebant
740 2091 960 2149 homines,
988 2091 1168 2155 quando
1188 2093 1296 2139 nudi
1314 2102 1436 2138 erant
1453 2103 1495 2137 et
1513 2109 1601 2138 non
1620 2109 1721 2138 con·

342 2159 658 2206 fundebantur.

406 2230 608 2276 LXXXI.
651 2251 670 2271 «
695 2230 802 2276 Vide
826 2232 957 2292 igitur
979 2249 1113 2296 quam
1133 2232 1414 2296 impudenter
1441 2232 1584 2278 «Ideo
1603 2232 1721 2279 dicas

339 2299 540 2343 homines
564 2299 692 2345 fuisse
709 2301 912 2363 primitus
931 2302 1072 2348 nudos
1086 2340 1096 2359 ‚
1121 2303 1222 2366 quia
1242 2303 1295 2349 ad
1310 2303 1493 2349 solertiae
1511 2302 1721 2349 humanae

342 2385 519 2431 operam
544 2379 592 2413 ut
624 2387 664 2414 se
691 2381 881 2430 tegerent
905 2373 1184 2435 pertinebat,
1213 2389 1313 2435 quae
1346 2372 1542 2418 nondum
1571 2373 1617 2418 in
1636 2372 1719 2418 illis

341 2437 438 2483 fuit.
465 2457 486 2479 2>
518 2437 643 2483 Unde
673 2440 723 2483 fit
743 2457 1034 2503 consequens,
1075 2451 1124 2486 ut
1153 2453 1249 2487 ante
1281 2453 1510 2506 peccatum
1535 2442 1713 2500 inertes,

339 2517 526 2571 peccato
552 2519 694 2554 autem
734 2509 871 2556 factos
894 2511 1042 2557 credas
1069 2529 1155 2558 esse
1189 2512 1373 2559 solertes.
1411 2514 1556 2570 Quam
1582 2530 1715 2576 porro

342 2576 490 2623 multis
512 2576 698 2623 inaniter
722 2578 848 2626 dictis
871 2581 994 2644 quasi
1016 2581 1230 2642 eleganter
1249 2593 1460 2646 acuteque
1490 2582 1716 2629 concludis

339 2646 491 2692 dicens
512 2664 523 2691 ι
552 2668 572 2690 «
596 2648 693 2695 Non
715 2647 960 2714 igiturquia
977 2663 1266 2716 peccaverant
1283 2691 1295 2712 ,
1319 2652 1519 2715 genitalia
1543 2652 1612 2701 vel
1627 2652 1718 2700 dia-
