1843 3190
388 236 477 282 250
792 251 825 280 s.
869 249 1114 280 AUGUSTINI
1149 249 1351 281 nriscom

384 316 638 370 tribuentes,
668 316 755 361 hoc
779 315 843 360 uti
866 325 1138 373 argumento,
1159 314 1277 377 quod
1316 332 1385 360 eas
1422 333 1753 380 nonnumquam

382 386 575 431 habeant
589 385 787 430 ‘infideles
804 402 814 428 z
834 405 852 425 ›>
872 384 932 429 ita
953 395 1155 429 conantes
1172 401 1380 430 evacuare
1405 387 1525 448 quod
1543 387 1749 442 dicimus,

383 456 597 501 neminem
638 465 752 500 recte
777 456 932 509 vivere,
960 455 1040 499 nisi
1062 471 1110 499 ex
1137 454 1223 499 fide
1255 472 1332 517 per
1358 455 1505 500 Jesum
1529 457 1753 501 Christum

384 526 619 570 Dominum
644 534 858 576 nostrum.
886 541 1023 569 unum
1045 524 1122 587 Dei
1142 535 1185 569 et
1203 524 1432 570 hominum
1450 526 1752 583 mediatorem3

382 594 459 640 ubi
479 612 551 641 vos
576 597 666 653 ejus
687 594 949 640 adversarios
968 594 1235 656 apertissime
1255 594 1535 657 profitemini.
1559 596 1755 658 Denique

380 663 506 724 longe
522 681 609 710 non
631 681 780 709 eamus
799 664 864 709 :si
903 663 1014 709 forte
1052 663 1197 719 fallor,
1222 664 1277 709 ad
1298 666 1379 709 ista
1408 665 1634 727 responde.
1665 666 1755 724 Ego

380 735 468 779 dixi
486 753 497 780 z
519 735 730 797 pudicum
750 752 838 779 non
857 735 1065 779 veraciter
1081 734 1187 789 diei,
1207 735 1284 796 qui
1307 752 1394 779 non
1411 746 1591 798 propter
1609 739 1754 780 Deum

384 820 532 850 verum
550 804 679 849 fidem
705 805 912 849 connubii
939 815 1079 849 servat
1097 804 1231 849 uxori.
1252 804 1372 849 Unde
1391 816 1533 850 autem
1547 805 1592 849 id
1604 815 1754 850 osten-

380 874 525 919 derem
541 893 554 927 ς
571 873 703 936 paulo
728 883 828 935 post
856 873 1060 928 adhibui,
1081 872 1202 935 quod
1226 873 1337 918 mihi
1357 874 1496 919 visum
1517 874 1754 933 estgrande

381 945 710 990 documentum.
736 965 754 984 <‹
779 948 891 989 Cum
911 945 1026 989 enim
1050 944 1185 990 virtus
1209 944 1280 1000 sit,
1297 945 1495 1008 inquam,
1521 945 1753 1008 pudicitia,
1807 961 1810 968 ·

381 1015 617 1061 cuivitium
629 1014 899 1059 contrarium
920 1025 982 1060 est
1009 1013 1305 1076 impudicitia,
1333 1031 1566 1077 omnesque
1578 1014 1756 1063 virtutes

379 1085 506 1130 etiam
526 1100 626 1148 quae
638 1101 718 1147 per
734 1101 893 1146 corpus
909 1094 1161 1145 operantur,
1183 1084 1227 1128 in
1247 1084 1392 1128 animo
1411 1084 1610 1129 habitent
1623 1103 1634 1137 ;
1647 1100 1757 1146 quo-

381 1154 513 1199 modo
546 1171 645 1198 vera
680 1153 845 1198 ratione
867 1153 1080 1215 pudicum
1114 1170 1273 1215 corpus
1299 1155 1515 1209 asseritur,
1538 1153 1714 1216 quando
1735 1171 1757 1198 a

379 1241 479 1270 vero
513 1226 602 1269 Deo
635 1224 726 1286 ipse
760 1224 930 1269 animus
967 1224 1241 1268 fornicatur?
1265 1223 1428 1268 Deinde
1457 1241 1510 1268 ne
1525 1224 1757 1285 quisquam

378 1305 566 1339 vestrum
600 1305 772 1353 negaret
794 1295 989 1338 animum
1023 1293 1267 1339 infidelium
1304 1293 1527 1349 fornicari,
1570 1293 1757 1338 adhibui

382 1364 674 1409 testimonium
705 1364 760 1409 de
786 1364 1015 1426 Scriptura
1040 1375 1186 1409 sancta
1203 1400 1214 1419 ,
1255 1364 1333 1409 ubi
1371 1363 1559 1423 legitur:
1598 1383 1619 1404 «
1646 1364 1758 1408 Ecce

379 1456 400 1476 ›>
413 1435 526 1479 cuim
538 1435 613 1496 qui
636 1434 763 1493 longe
785 1452 827 1480 se
846 1434 1013 1479 faciunt
1037 1445 1137 1489 ate,
1160 1434 1399 1496 peribunt;
1425 1433 1653 1496 perdidisti
1666 1450 1756 1477 om-

378 1526 399 1546 ›>
414 1521 508 1549 nem
528 1504 605 1567 qui
624 1503 866 1549 fornicatur
886 1504 964 1549 abs
981 1503 1064 1550 te1.
1089 1526 1110 1545 ›>
1126 1503 1211 1549 Sed
1230 1514 1278 1549 tu
1297 1503 1406 1566 qui«
1423 1506 1538 1558 Mea,
1561 1501 1758 1548 sicutdi—

376 1575 454 1630 cis,
482 1590 582 1636 quae
615 1574 726 1619 mihi
750 1574 954 1620 videntur
983 1585 1110 1620 acuta
1144 1573 1439 1637 persequeris,
1463 1594 1484 1615 ›>
1507 1574 1593 1618 hoc
1616 1582 1757 1618 totum
1809 1585 1811 1593 ¹

378 1655 584 1706 tanquam
605 1644 713 1689 mihi
733 1643 938 1688 obtusum
957 1644 1096 1690 visum
1118 1643 1246 1688 fuerit
1263 1643 1513 1705 praeteristi,
1532 1642 1641 1688 Vide
1655 1658 1756 1701 ergo

375 1713 485 1777 quid
523 1711 682 1757 horum
706 1713 954 1772 negandum
990 1713 1227 1759 arbitreris.
1259 1713 1474 1758 Virtutem
1504 1729 1592 1767 esse
1617 1710 1756 1774 pudi-

375 1783 522 1829 citiam
545 1783 833 1842 conjugalem,
857 1783 1181 1846 promptissime
1205 1782 1424 1827 confiteris
1446 1800 1457 1827 ε
1482 1798 1631 1827 omnes
1659 1781 1756 1826 vir-

375 1864 485 1899 tutes
498 1853 626 1898 etiam
638 1870 738 1916 quae
762 1870 841 1915 per
871 1870 1032 1916 corpus
1055 1864 1312 1916 operantur,
1330 1853 1530 1898 inanimo
1552 1851 1756 1897 habitare

375 1940 462 1969 non
480 1940 619 1982 negas.
662 1924 797 1968 Porro
832 1923 1018 1968 infidelis
1053 1923 1249 1968 animum
1289 1922 1542 1967 fornicaria
1564 1924 1656 1966 Deo
1684 1919 1756 1966 ille

374 2004 516 2056 potest
533 2009 702 2052 negare,
727 1994 800 2055 qui
827 2011 868 2038 se
890 1993 1036 2056 palam
1056 2004 1304 2039 sanctarum
1320 1992 1604 2054 Scripturaru
1616 2006 1658 2035 m
1682 1990 1756 2035 ad-

374 2063 610 2110 versarium
634 2064 884 2125 profitetur.
931 2065 989 2107 Ex
1022 2063 1185 2125 quibus
1220 2062 1427 2107 omnibus
1466 2061 1565 2106 baec
1585 2076 1756 2106 summa

372 2132 619 2187 conficitur,
648 2143 695 2176 ut
715 2133 852 2178 autin
876 2134 1024 2178 auimo
1049 2132 1290 2177 fornicante
1316 2131 1529 2194 pudicitia
1549 2147 1650 2177 vera
1668 2146 1754 2174 esse

373 2203 534 2265 possit3
554 2202 673 2264 quod
687 2204 824 2248 cernis
836 2218 968 2265 quam
985 2203 1038 2247 sit
1049 2201 1288 2247 absurdum
1311 2218 1321 2244 :
1342 2212 1416 2246 aut
1437 2200 1481 2245 in
1494 2199 1755 2245 animoinfi-

373 2271 478 2316 delis
502 2271 715 2333 pudicitia
727 2289 826 2317 vera
838 2289 924 2317 esse
947 2289 1034 2318 non
1057 2271 1219 2334 possit;
1246 2270 1446 2332 quamvis
1466 2269 1551 2314 hoc
1568 2284 1670 2314 cum
1686 2285 1755 2313 as-

373 2358 571 2396 sererem,
600 2351 639 2385 te
659 2342 826 2387 finxeris
847 2342 1040 2388 surdum.
1064 2343 1192 2385 «Non
1218 2341 1366 2399 igitur,
1391 2351 1439 2385 ut
1453 2338 1750 2393 calumniaris,

371 2410 516 2456 studio
549 2410 828 2471 vituperandi
863 2411 1181 2465 substantiam,
1216 2409 1330 2454 dona
1360 2407 1560 2453 collaudo
1579 2429 1613 2454 ».
1656 2408 1753 2451 Non

365 2479 477 2525 enim
503 2477 751 2524 divinorum
775 2479 994 2525 donorum
1016 2495 1153 2541 capax
1171 2488 1290 2535 esset,
1315 2478 1395 2523 nisi
1414 2478 1529 2523 bona
1545 2487 1653 2522 esset
1670 2476 1752 2520 hu·-

413 2560 521 2594 !Psal.
539 2570 647 2600 Lxxtr,
669 2571 723 2599 27.
