1843 3190
287 322 460 355 CONTRA
494 320 720 353 summum
754 317 1060 359 PELAGIANUM,
1099 319 1187 350 Lm.
1231 322 1261 351 1.
1403 308 1463 368 89

32 380 35 418 ³
100 390 136 436 si
153 388 325 449 evigilas
340 388 520 433 intuere.
546 386 645 431 Non
659 385 836 449 quidem
857 384 1054 430 omnium
1070 382 1123 429 de
1142 383 1229 429 hac
1244 401 1289 430 re
1305 396 1470 431 senten-

32 517 34 524 γ
99 460 206 515 tias,
240 475 318 504 nec
353 474 499 503 omnes
528 472 703 511 eorum,
731 472 841 518 quos
871 454 1246 509 commemorabo,
1272 471 1340 499 me
1364 472 1470 500 con-

46 554 47 557 =
101 539 378 589 gregaturum
396 543 482 572 esse
501 525 738 588 polliceor3
768 525 872 588 quia
890 524 1017 570 nimis
1031 523 1210 583 longum
1225 535 1286 569 est
1300 561 1312 580 ,
1334 534 1376 569 et
1391 541 1470 569 ne-

100 615 213 645 cesse
244 615 330 643 esse
361 614 450 643 non
475 596 662 641 arbitror
694 613 704 640 ε
740 595 813 640 sed
841 611 1003 658 ponam
1034 611 1176 657 pauca
1197 610 1466 657 paucorum,

98 668 260 732 quibus
282 678 427 712 tamen
458 666 593 711 nostri
621 665 962 711 contradictores
985 675 1197 724 cogantur
1219 664 1468 709 erubescere

27 737 32 744 ’
98 748 141 783 et
161 737 309 783 cedere
327 757 338 790 ς
359 737 392 781 si
412 735 524 782 ullus
544 736 592 781 in
610 736 667 780 eis
685 735 753 780 vel
771 735 853 781 Dei
869 735 1018 790 timor,
1044 734 1112 779 vel
1131 734 1361 779 hominum
1377 750 1468 796 pu-

99 807 179 853 dor
195 818 364 852 tantum
382 806 546 852 malum
564 805 822 869 pervicaciae
841 804 1121 868 superaverit.
1146 805 1337 849 Irenaeus
1354 806 1469 863 Lug-

99 877 302 922 dunensis
327 877 557 940 episcopus
574 893 663 921 non
682 875 808 935 longe
827 894 849 921 a
870 874 1141 938 temporibus
1162 873 1468 936 Apostolorum

30 999 32 1006 A
95 947 179 991 fuit
206 965 215 991 :
246 949 323 991 iste
348 945 433 991 ait1
450 983 461 1001 ,
481 967 501 986 «
533 947 631 991 Non
658 945 780 990 aliter
815 945 968 991 salvari
990 944 1188 989 homines
1211 944 1266 989 ab
1289 943 1468 1006 antiqua

31 1012 33 1020 ’
96 1016 305 1077 serpentis
329 1015 457 1077 plaga
474 1051 484 1069 ,
514 1015 595 1059 nisi
619 1014 798 1059 credant
823 1015 869 1059 in
890 1031 988 1058 cum
1003 1050 1014 1069 ,
1039 1013 1116 1075 qui
1137 1012 1374 1057 secundum
1407 1012 1468 1056 si-

32 1083 33 1087 *
96 1084 385 1129 militudinem
412 1085 552 1129 carnis
571 1085 742 1146 peccati
764 1084 808 1128 in
834 1084 951 1143 ligno
980 1082 1178 1144 martyrii
1209 1082 1416 1127 exaltatus
1447 1099 1470 1126 a

31 1205 33 1209 ¹
95 1165 207 1199 terra
222 1192 233 1211 ,
257 1155 401 1200 omnia
426 1155 551 1200 traxit
584 1154 638 1199 ad
658 1171 722 1209 se,
751 1165 791 1199 et
816 1153 1056 1199 vivificavit
1081 1163 1287 1199 mortuos.
1313 1173 1333 1193 >2
1357 1153 1466 1196 Item

31 1235 33 1237 '
94 1224 209 1269 idem
237 1225 357 1286 ipse2
393 1242 403 1268 :
438 1246 457 1265 ‹<
486 1223 868 1280 Quemadmodum
901 1223 1124 1268 astrictum
1164 1233 1254 1278 est,
1292 1222 1462 1285 inquit,

95 1295 223 1339 morti
243 1311 375 1353 genus
396 1294 639 1339 humanum
666 1311 742 1356 per
764 1294 973 1353 virginem
988 1330 998 1348 ‚
1028 1292 1221 1338 solvatur
1241 1309 1320 1354 per
1339 1291 1466 1350 virgi-

30 1364 33 1416 }
94 1380 190 1407 nem
208 1401 218 1418 ,
253 1380 378 1426 aequa
408 1364 531 1409 lance
560 1363 769 1426 disposita
786 1401 795 1418 ,
829 1361 1050 1422 virginalis
1072 1361 1364 1407 inobedientia
1387 1378 1467 1423 per

31 1431 32 1434 ¹
93 1432 344 1490 virginalem
360 1433 665 1479 obedientiam.
695 1433 855 1478 Adhuc
875 1433 989 1478 enim
1012 1431 1271 1495 protoplasti
1284 1441 1466 1494 peccato

30 1550 31 1556 ¹
93 1518 171 1563 per
189 1503 504 1565 correptionem
523 1503 801 1565 primogeniti
825 1501 1165 1548 emendationem
1193 1501 1431 1563 accipiente
1449 1536 1461 1555 ,

30 1615 32 1633 ἶ
93 1573 300 1634 serpentis
319 1572 551 1634 prudentia
578 1572 748 1617 devicta
775 1589 854 1635 per
875 1570 1196 1634 simplicitatem
1222 1570 1459 1624 columbae,

30 1677 31 1694 ÷
93 1641 276 1687 vinculis
310 1641 395 1686 illis
428 1641 603 1687 resoluti
639 1658 811 1693 sumUS,
853 1657 932 1703 per
966 1656 1067 1702 quae
1099 1639 1259 1698 alligati
1295 1654 1463 1684 eramus

30 1756 31 1771 ἶ
91 1712 234 1758 morti.
263 1733 282 1752 »
306 1712 514 1757 Vides-ne
539 1713 766 1774 antiquum
795 1711 1017 1756 hominem
1042 1710 1121 1754 Dei
1137 1746 1147 1764 ,
1173 1709 1280 1771 quid
1302 1708 1355 1753 de
1381 1727 1462 1753 an-

30 1792 31 1827 3
92 1782 214 1844 tiqua
233 1782 437 1844 serpentis
463 1783 593 1844 plaga
615 1782 800 1827 sentiat?
820 1780 929 1843 quid
951 1779 1004 1824 de
1025 1779 1304 1824 similitudine
1323 1778 1463 1823 carnis

90 1851 285 1913 peccati,
314 1869 390 1913 per
407 1868 538 1914 quam
564 1862 738 1896 sanatur
760 1851 889 1914 plaga
910 1851 1119 1912 serpentis
1141 1850 1186 1895 in
1204 1866 1332 1894 carne
1350 1866 1460 1912 pec-

90 1920 206 1965 cati?
229 1921 337 1983 quid
354 1920 407 1966 de
437 1921 698 1984 protoplasti
715 1932 896 1984 peccato
914 1957 925 1977 ,
947 1937 1025 1983 per
1045 1919 1165 1983 quod
1183 1919 1344 1979 alligati
1360 1919 1454 1964 fue-

28 2007 29 2055 }
91 1993 266 2036 ramus?

28 2059 29 2062 ¹
154 2062 228 2107 VI.
271 2062 411 2108 Multo
448 2073 588 2108 autem
615 2064 804 2126 apertius
831 2061 883 2107 de
907 2061 1053 2107 eadem
1080 2060 1166 2105 fide
1188 2059 1461 2105 beatissimus

28 2142 29 2170 3
89 2141 256 2193 martyr
274 2143 315 2176 et
332 2134 562 2195 episcopus
587 2131 861 2196 Cyprianus3
884 2149 895 2177 ε
924 2153 943 2171 «
963 2131 1009 2175 Si
1036 2130 1234 2175 homines
1250 2166 1260 2184 ‚
1286 2129 1457 2191 inquit,

88 2201 299 2262 impedire
328 2202 492 2264 aliquid
516 2202 570 2246 ad
592 2202 942 2247 consecutionem
979 2200 1129 2260 gratiae
1163 2209 1304 2261 posset
1327 2198 1462 2257 magis

90 2269 260 2315 adultos
298 2282 339 2317 et
371 2282 601 2334 provectos
627 2282 666 2316 et
700 2275 881 2331 majores
914 2281 1020 2316 natu
1053 2280 1228 2333 possent
1250 2268 1463 2332 impedire

88 2352 266 2403 peccata
285 2342 493 2401 graviora.
521 2343 659 2386 Porro
684 2352 826 2386 autem
846 2341 878 2386 si
902 2340 1160 2401 gravissimis
1180 2338 1462 2384 delictoribus

88 2422 130 2455 et
149 2411 193 2455 in
214 2413 354 2456 Deum
378 2413 568 2457 multum
595 2423 693 2457 ante
715 2412 1005 2475 peccantibus
1023 2448 1033 2467 ,
1062 2427 1162 2455 cum
1189 2419 1338 2472 postea
1369 2426 1460 2453 cre-

27 2497 29 2510 ·
89 2479 303 2535 diderint,
326 2482 498 2527 remissa
520 2493 799 2544 peccatorum
817 2481 964 2537 datur,
987 2492 1028 2526 et
1054 2498 1077 2525 a
1100 2478 1319 2541 baptismo
1334 2487 1461 2539 atque

26 2599 29 2628 ξ
138 2580 148 2600 ¹
164 2580 300 2610 Irenaeus
314 2580 369 2611 lib.
386 2587 417 2618 4.
431 2592 502 2623 cap.
518 2583 547 2613 5.
565 2599 611 2605 —
627 2580 642 2603 2
660 2581 730 2615 Lib.
762 2582 794 2615 5.
814 2593 840 2613 c.
864 2592 918 2622 19.
931 2598 976 2603 —
1000 2577 1014 2602 3
1032 2578 1219 2623 Cyprianus,
1237 2578 1330 2621 epist.
1348 2578 1403 2612 64.
1419 2575 1458 2607 ad

87 2635 214 2668 Fidum.
