1843 3190
339 239 428 285 252
769 255 803 285 s.
846 253 1088 285 Aucusrmt
1124 251 1327 285 Emscori

334 318 518 364 inimicis
539 319 623 365 suis
638 329 735 364 orat
757 319 980 365 Ecclesia?
1005 319 1123 376 Quid
1157 331 1251 364 orat
1284 319 1499 366 obsecro?
1523 319 1556 366 si
1579 330 1627 366 ut
1655 320 1715 366 eis

329 405 419 435 s'lae
443 390 676 436 voluntatis
714 391 981 436 retribuatur
1013 391 1220 454 pretium,
1247 390 1356 454 quid
1381 391 1438 436 eis
1462 402 1580 447 orat,
1636 392 1717 436 nisi

337 462 498 522 grande
523 462 820 525 supplicium?
856 462 987 517 Quod
1014 466 1105 520 jam
1131 473 1282 507 contra
1306 479 1376 506 eos
1400 473 1462 507 est
1480 499 1490 517 ,
1530 480 1617 507 non
1635 479 1717 525 pro

334 533 418 577 eis:
442 544 537 577 orat
571 542 712 578 autem
753 549 834 595 pro
863 532 920 577 eis
945 550 955 576 z
976 550 1062 577 non
1086 549 1185 592 ergo
1209 533 1310 595 quia
1337 542 1398 577 est
1415 532 1497 577 illis
1517 531 1716 577 voluntas

335 603 470 659 bona,
500 603 573 648 sed
597 613 646 648 ut
664 613 946 648 convertatur
970 602 1014 647 in
1033 603 1198 648 bonam
1222 602 1422 648 voluntas
1447 602 1584 647 mala:
1607 618 1720 665 quo-

337 673 453 719 niam
471 684 749 737 praeparatur
768 673 966 719 voluntas
982 690 1003 717 a
1033 673 1222 717 Domino
1241 693 1252 725 ς
1273 683 1330 728 et,
1357 673 1472 717 Deus
1497 683 1557 717 est
1581 672 1716 727 enim,

339 754 387 789 ut
409 744 466 788 ait
492 744 741 806 Apostolus,
766 744 842 806 qui
866 753 1069 805 operatur
1089 743 1134 788 in
1153 743 1276 788 vobis
1298 754 1339 788 et
1355 743 1478 789 Velle.

404 813 522 858 XVI.
549 813 633 857 Sed
657 812 925 857 acerbissimi
949 812 1095 870 gratiae
1122 812 1258 871 hujus
1289 812 1489 856 inimici«
1510 811 1718 874 Exempla

338 882 464 926 nobis
479 882 701 944 opponitis
713 882 946 945 impiorum
957 918 967 936 ,
988 897 1096 943 quos
1109 880 1253 926 dicitis
1269 881 1426 926 alienos
1443 899 1465 926 a
1481 880 1566 926 fide
1581 881 1721 926 abun-

340 952 441 996 dare
458 952 710 1007 virtutibus,
738 953 780 997 in
798 952 959 1015 quibus
980 953 1068 996 sine
1084 951 1301 1010 adjutorio
1317 952 1483 1011 gratiae,
1509 951 1647 996 solum
1661 961 1723 996 est

339 1033 508 1068 naturae
530 1023 714 1077 bonum,
736 1023 836 1068 licet
861 1022 1244 1085 superstitionibus
1268 1023 1568 1084 mancipatum
1593 1059 1603 1077 ,
1646 1022 1722 1084 qui

342 1091 441 1136 solis
463 1092 676 1138 libertatis
693 1092 894 1152 ingenitae
910 1092 1095 1145 viribus,
1115 1101 1156 1137 et
1173 1091 1468 1136 misericordes
1487 1092 1660 1146 crebro,
1681 1102 1724 1136 et

341 1161 541 1218 modesti,
561 1174 602 1208 et
623 1163 728 1208 casti
750 1162 1048 1216 inveniuntur,
1084 1172 1125 1206 et
1143 1162 1289 1207 sobrii.
1317 1162 1425 1207 Haec
1446 1161 1595 1207 dicens
1620 1178 1724 1207 ecce

331 1234 424 1290 jam
450 1242 491 1276 et
511 1232 620 1278 illud
632 1232 749 1295 quod
770 1233 918 1292 gratiae
942 1232 1022 1276 Dei
1051 1231 1279 1287 tribueras,
1311 1231 1544 1287 abstulisti,
1572 1232 1718 1294 ipsum

345 1301 509 1346 scilicet
531 1303 764 1348 voluntatis
787 1303 999 1347 effectum.
1029 1302 1127 1346 Non
1149 1301 1263 1346 enim
1297 1301 1417 1356 aisti,
1438 1300 1544 1346 velle
1559 1318 1628 1346 eos
1641 1317 1727 1345 esse

346 1371 659 1428 misericordes,
684 1373 916 1427 modestos,
945 1382 985 1416 et
1003 1382 1159 1426 castos,
1181 1382 1221 1415 et
1254 1371 1438 1427 sobrios,
1459 1382 1501 1416 et
1522 1371 1619 1416 ideo
1637 1387 1728 1415 non

348 1458 451 1496 esse,
473 1442 591 1504 quod
630 1443 826 1488 nondum
849 1460 927 1505 per
953 1442 1136 1501 gratiam
1171 1441 1336 1487 fuerint
1355 1441 1578 1487 consecuti
1598 1441 1729 1486 bonae

348 1512 480 1570 hujus
498 1512 730 1558 voluntatis
747 1514 945 1558 effectum
965 1530 975 1557 z
1002 1512 1075 1558 sed
1093 1512 1126 1556 si
1140 1522 1182 1556 et
1197 1529 1284 1557 esse
1300 1511 1534 1558 voluerunt
1552 1522 1592 1556 et
1608 1521 1724 1565 sunt,

344 1582 496 1640 jamin
532 1583 589 1628 eis
612 1583 883 1628 voluntatem
908 1593 949 1627 et
973 1583 1172 1627 effectum
1196 1581 1431 1627 voluntatis
1455 1581 1727 1633 invenimus;

348 1651 454 1713 quid
484 1654 684 1699 remansit
706 1653 828 1716 quod
866 1654 1017 1712 gratiae
1041 1669 1306 1697 reservemus
1328 1653 1374 1697 in
1398 1662 1488 1696 tam
1512 1651 1730 1697 evidenti-

353 1720 434 1765 bus
451 1756 461 1773 ,
504 1724 666 1785 quibus
705 1723 847 1768 dixisti
884 1740 954 1767 eos
993 1722 1217 1767 abundare
1248 1721 1730 1777 virtutibuSPQuanto

352 1791 500 1847 satius,
526 1793 559 1837 si
588 1805 627 1838 te
644 1794 800 1857 impios
834 1794 894 1838 ita
916 1793 1092 1838 laudare
1123 1792 1333 1847 delectat,
1362 1802 1409 1836 ut
1430 1809 1518 1836 non
1554 1790 1732 1836 audiens

348 1859 565 1907 dicentem
590 1863 887 1926 Scripturam:
916 1885 936 1905 a<
960 1862 1048 1919 Qui
1081 1861 1190 1907 dicit
1213 1861 1400 1924 impium
1420 1865 1587 1921 justum
1624 1877 1729 1917 esse,

354 1949 376 1970 »
402 1931 656 1978 maledictus
679 1934 758 1978 erit
794 1935 839 1978 in
874 1932 1057 1996 popuIO,
1083 1942 1125 1977 et
1148 1931 1323 1977 odibilis
1346 1931 1391 1976 in
1427 1931 1625 1989 gentibus
1649 1929 1685 1975 1.
1707 1951 1728 1971 n

355 2000 485 2062 ctiam
514 2002 748 2048 virtutibus
771 2003 881 2047 veris
914 2019 984 2047 eos
1012 2001 1221 2065 praedices
1251 1999 1508 2045 abundare:
1548 2009 1730 2062 quanto,

351 2068 528 2132 inquam
550 2108 559 2126 ,
603 2073 732 2118 satius
754 2073 852 2117 haec
876 2072 968 2134 ipsa
1001 2072 1047 2116 in
1075 2071 1132 2116 eis
1155 2070 1269 2115 dona
1295 2070 1374 2114 Dei
1402 2086 1488 2114 esse
1512 2068 1702 2114 fatereris
1719 2105 1730 2122 ‚

359 2141 440 2184 sub
460 2145 583 2201 cujus
610 2142 977 2201 occultojudicio,
999 2158 1078 2186 nec
1101 2141 1281 2200 injusto.
1299 2139 1377 2184 *alii
1394 2138 1521 2193 fatui,
1544 2138 1615 2184 alii
1639 2149 1734 2183 tar—-

360 2208 522 2255 dissimi
536 2212 693 2271 ingenii
705 2223 746 2257 et
759 2212 813 2257 ad
828 2210 1154 2270 intelligendum
1169 2209 1360 2273 quodam
1374 2208 1504 2253 modo
1517 2208 1734 2271 plumbei,

361 2279 433 2324 alii
456 2280 678 2334 obliviosi,
726 2282 796 2327 alii
831 2282 948 2326 acuti
969 2297 1227 2326 memoresve
1251 2289 1508 2333 nascuntur,
1552 2288 1737 2339 utroque

361 2365 537 2393 munere
576 2350 776 2411 praediti,
825 2361 867 2395 et
910 2361 1032 2396 acute
1065 2349 1349 2407 intelligentes
1380 2358 1420 2392 et
1452 2346 1737 2391 tenacissimae

365 2420 584 2464 memoriae
603 2419 804 2465 thesauro
827 2421 999 2479 cognita
1027 2418 1329 2469 recondentcs3
1350 2416 1585 2462 aliinatura
1607 2415 1737 2467 lenes,

367 2489 436 2534 alii
461 2489 683 2534 levissimis
721 2491 859 2535 causis
881 2491 940 2535 ira
977 2489 1182 2534 facillima
1222 2487 1432 2539 ardentes,
1461 2486 1530 2531 alii
1565 2485 1617 2530 ad
1638 2485 1738 2531 vin-

415 2570 422 2591 ¹
443 2573 534 2602 Prov.
556 2581 646 2603 xxiv,
668 2577 722 2607 α’..
