1843 3190
333 222 423 268 266
753 236 789 265 s.
831 233 1075 264 aueusrml
1111 234 1315 267 EP1scoP1

330 302 512 347 deficere
545 302 600 348 ab
640 301 757 348 illius
792 299 1020 345 dilectione
1043 317 1129 345 non
1154 301 1316 362 possim
1339 299 1436 348 ideo
1458 301 1624 350 factum
1644 316 1706 353 est

328 372 373 418 in
395 371 491 417 loco
515 372 778 418 infirmitatis
798 370 960 429 hujus,
985 387 1038 414 ne
1058 371 1244 434 superbe
1263 373 1526 424 viveremus
1551 385 1598 420 ut
1625 375 1706 421 sub

329 442 579 507 quotidiana
621 451 904 506 peccatorum
948 441 1193 486 remissione
1248 443 1319 488 vix
1324 446 1479 488 amus?
1522 445 1707 508 Propter

326 512 446 576 quod
470 513 686 576 superbiae
720 511 883 558 malum
918 528 996 556 nec
1017 512 1236 574 apostolus
1263 513 1425 559 Paulus
1445 525 1507 559 est
1527 515 1708 562 arbitrio

327 599 403 627 suo
429 582 645 628 creditus:
676 581 748 628 sed
773 582 873 645 quia
901 580 1096 626 nondum
1123 593 1295 628 venerat
1315 583 1369 628 ad
1390 593 1551 629 tantam
1572 586 1707 648 parti-

327 653 590 716 cipationem
616 652 848 717 superioris
867 652 983 697 illius
1003 652 1111 698 boni
1130 689 1142 709 ,
1167 663 1215 698 ut
1240 653 1329 699 illic
1343 657 1436 713 jam
1456 671 1546 700 non
1565 666 1708 718 posset

326 723 492 778 extolli,
518 724 593 769 hic
621 724 685 770 illi
715 734 776 769 est
807 723 980 783 angelus
1009 723 1181 769 Satanae
1202 724 1518 787 colaphizator,
1556 743 1609 771 ne
1631 727 1707 773 hic

327 793 404 838 ubi
425 804 598 855 poterat
620 793 905 849 extolleretur,
927 792 1152 855 appositus
1168 791 1202 839 1.

389 865 553 910 XXIX.
596 865 681 910 Sed
711 865 797 909 sive
819 864 899 909 ista
932 880 1060 909 causa
1086 863 1163 920 sit,
1200 862 1286 909 sive
1324 862 1406 910 alia
1439 881 1538 928 quae
1567 866 1707 912 multo

325 932 510 996 amplius
537 951 606 979 me
636 933 739 979 latet
773 951 783 978 :
822 943 967 978 tamen
1001 932 1121 996 quod
1156 931 1362 978 dubitare
1385 950 1472 979 non
1499 950 1704 997 possum,

323 1003 649 1067 quantumlibet
683 1003 967 1068 proficiamus
1003 1003 1085 1048 sub
1118 1003 1205 1049 hoc
1247 1020 1373 1049 onere
1410 1006 1708 1069 corruptibilis

331 1074 545 1137 corporiS‚
559 1095 577 1115 α
597 1074 640 1119 Si
666 1073 898 1119 dixerimus
914 1074 1264 1136 quia-peccatum
1279 1091 1367 1119 non
1379 1074 1610 1132 habemus,
1630 1093 1707 1122 nos

327 1144 478 1207 »ipsos
501 1143 760 1208 decipimus,
786 1155 826 1189 et
845 1145 1000 1190 veritas
1022 1143 1068 1188 in
1087 1144 1214 1189 nobis
1239 1161 1325 1189 non
1344 1146 1451 1192 est‘2.
1478 1168 1498 1187 »
1523 1149 1708 1209 Propter

324 1215 442 1276 quod
461 1227 501 1260 et
526 1226 673 1260 sancta
695 1214 888 1261 Ecclesia
913 1215 1042 1259 etiam
1073 1213 1117 1259 in
1152 1214 1313 1259 talibus
1349 1215 1434 1260 suis
1464 1217 1672 1262 membris
1690 1253 1704 1274 ‚

322 1285 400 1330 ubi
417 1285 633 1331 maculam
657 1285 850 1331 criminis
870 1295 911 1328 et
934 1300 1086 1343 rugam
1108 1301 1197 1329 non
1220 1284 1354 1329 habet
1376 1283 1574 1330 falsitatis
1589 1286 1626 1342 ²⁹²,
1648 1285 1706 1333 li-

325 1365 391 1399 cet
410 1355 733 1401 contradicente
749 1354 953 1418 superbia
967 1365 1106 1399 vestra
1126 1371 1213 1399 non
1232 1353 1389 1399 desinit
1413 1359 1506 1400 Deo
1531 1355 1673 1402 dicere
1691 1375 1702 1402 ε

324 1446 343 1465 «
365 1426 544 1471 Dimitte
568 1426 694 1471 nobis
714 1425 862 1471 debita
893 1435 1038 1469 nostra
1053 1423 1086 1470 4.
1107 1445 1126 1465 υ
1144 1425 1213 1469 Tu
1237 1435 1381 1470 autem
1397 1436 1561 1488 quanta
1583 1444 1706 1473 arro-

322 1496 467 1555 gantia
483 1506 524 1541 et
551 1496 604 1541 de
624 1507 778 1542 Vestrae
801 1494 1144 1558 praesuniptione
1165 1493 1340 1540 virtutis
1363 1494 1516 1541 dixeris
1535 1514 1545 1541 ε
1567 1517 1588 1538 «
1605 1499 1706 1543 Per-

318 1565 444 1611 facile
460 1566 594 1626 igitur
614 1566 757 1612 studio
777 1566 1036 1621 sanctitatis,
1064 1564 1185 1628 quod
1207 1565 1321 1611 Deus
1343 1564 1540 1625 adjuvat,
1565 1579 1707 1631 potest

320 1636 454 1682 bomo
479 1655 621 1683 carere
644 1637 833 1700 peccatis
854 1654 864 1681 :
887 1658 907 1678 »
931 1636 1002 1681 ille
1037 1653 1126 1681 non
1162 1635 1354 1695 agnoseit
1370 1673 1380 1692 ,
1407 1637 1484 1701 qui
1502 1636 1706 1699 dogmata

320 1718 459 1752 vestra
485 1724 573 1752 non
606 1708 740 1753 novit.
773 1708 883 1752 Nam
908 1716 949 1750 et
973 1705 1165 1751 studium
1192 1706 1432 1751 sanctitatis
1457 1706 1546 1769 sine
1574 1707 1705 1768 ade-

322 1777 431 1822 torio
456 1778 535 1822 Dei
567 1777 698 1823 vultis
734 1777 780 1822 in
816 1775 1008 1821 hominis
1036 1775 1260 1822 voluntate
1281 1775 1556 1838 praecedere,
1584 1777 1706 1842 quod

321 1848 474 1892 merito
498 1852 615 1893 Deus
636 1847 791 1893 debeat
811 1846 880 1907 adj
891 1864 1019 1893 uvare
1034 1884 1044 1903 ,
1079 1864 1166 1892 non
1202 1846 1331 1907 gratis
1352 1864 1362 1891 :
1385 1857 1423 1891 et
1449 1847 1508 1893 sic
1533 1848 1705 1895 creditis

321 1918 542 1963 hominem
562 1919 607 1964 in
631 1918 715 1963 hac
739 1934 981 1963 aerumnosa
1002 1917 1089 1963 vita
1109 1933 1231 1981 posse
1251 1933 1395 1963 carere
1411 1919 1602 1980 peccatis
1617 1956 1628 1972 ,
1654 1929 1705 1965 ut

320 2006 408 2034 non
438 1990 484 2034 in
517 2007 558 2035 se
585 1990 748 2035 babeat
784 2006 917 2052 quare
955 1988 1102 2034 dicat:
1126 2011 1145 2030 α
1169 1988 1352 2034 Dimitte
1387 1987 1514 2034 nobis
1553 1989 1704 2036 debita

319 2081 339 2099 >>
356 2070 514 2106 nostra.
541 2081 561 2100 »
584 2059 795 2116 Quamvis
814 2059 1034 2123 aliquanto
1058 2057 1254 2104 timidius
1277 2057 1321 2104 id
1341 2058 1535 2122 posuisse
1552 2059 1703 2107 videa-

316 2130 401 2183 ris;
450 2130 564 2194 quia}
597 2147 684 2175 non
719 2129 885 2186 dixisti,
912 2140 1055 2193 potest·
1089 2129 1292 2174 omnibus
1321 2145 1462 2174 carere
1491 2131 1695 2192 peccatis.

317 2200 477 2246 Verum
504 2219 582 2247 nec
610 2201 875 2264 quibusdam
901 2201 1043 2247 dicere
1067 2200 1271 2254 voluisti3
1299 2199 1372 2245 sed
1392 2210 1599 2263 tanquam
1621 2202 1704 2248 tihi

316 2270 408 2333 ipse
432 2270 485 2316 de
504 2273 638 2316 nimia
656 2282 794 2316 vestra
815 2271 1157 2335 praesumptione
1175 2270 1424 2327 erubueris,
1447 2271 1506 2316 ita
1527 2283 1699 2318 senten-

318 2342 420 2386 tiam
438 2342 702 2404 temperasti,
725 2353 772 2387 ut
789 2354 830 2388 et
844 2353 983 2388 vestra
1001 2354 1042 2388 et
1056 2352 1202 2387 nostra
1219 2351 1362 2405 posset
1384 2357 1488 2387 Voce
1506 2341 1693 2390 defendi.

316 2411 428 2456 Nam
447 2411 481 2456 si
503 2411 623 2474 apud
652 2413 901 2472 Pelagianos
932 2413 1208 2467 discutiatur,
1246 2411 1581 2474 respondebitur
1602 2413 1699 2459 ideo

316 2498 404 2527 non
423 2479 591 2527 dictum
614 2482 879 2545 quibusdam
895 2519 906 2538 ,
927 2483 1030 2546 quia
1049 2483 1254 2528 omnibus
1270 2483 1441 2545 peccati
1458 2500 1601 2529 carere
1618 2484 1700 2530 ho-

364 2566 373 2586 ¹
398 2577 414 2596 2
432 2568 507 2598 Cor.
526 2575 582 2603 xix,
600 2577 628 2604 7..
649 2583 694 2589 -—-
708 2564 722 2587 2
747 2577 757 2596 1
775 2563 870 2599 Joau.
893 2577 921 2605 1,
937 2567 967 2596 8.
981 2563 1054 2589 -3
1072 2565 1187 2610 Ephes.
1213 2577 1242 2603 v,
1261 2577 1317 2606 27.
1333 2583 1376 2590 —
1391 2563 1405 2588 ³
1423 2565 1540 2599 Maith.
1557 2577 1601 2610 vr,
1622 2578 1672 2599 12.
