1843 3190
171 316 347 349 CONTRA
380 314 495 348 DUAS
527 310 762 348 EPISTOLAS
796 310 1164 355 PELAGIANORUM,
1201 314 1288 346 LIB.
1331 317 1400 350 111.
1482 301 1537 351 15

175 403 198 426 ι(
216 383 332 429 Ecce
354 382 502 442 Agnus
527 380 633 437 Dei,
660 396 759 425 ecce
782 379 858 443 qui
882 378 998 425 tollit
1028 389 1259 443 peccatum
1276 383 1457 429 mundi1
1484 403 1494 430 :
1518 407 1539 428 >›

167 463 378 517 tanquam
399 452 546 498 dicens
568 468 580 496 :
608 451 750 507 Quem
766 449 894 496 multi
907 449 1014 510 justi
1034 449 1179 496 videre
1198 452 1532 515 concupierunt,

172 531 401 587 viderunt,
426 529 479 576 de
508 546 596 593 quo
619 529 812 576 Abrahae
840 528 970 575 dictae
998 539 1099 574 sunt
1127 529 1434 593 promissiones
1450 569 1461 588 ,
1486 532 1540 578 de

168 617 258 665 quo
284 600 458 664 scripsit
479 599 701 663 Moyses2‚
731 597 785 644 de
806 614 895 661 quo
915 597 980 644 lex
1003 608 1045 643 et
1068 598 1302 662 prophetae
1326 611 1426 646 sunt
1448 612 1534 648 tes-

170 681 259 717 test
281 691 302 712 c<
323 671 437 716 Ecce
457 671 603 730 Agnus
622 669 721 725 Dei,
741 685 840 715 ecce
854 668 930 732 qui
948 668 1061 714 tollit
1077 679 1306 731 peccatum
1327 672 1495 720 mundi.
1519 694 1538 715 u

171 741 242 789 Ab
269 740 357 786 hoc
392 744 559 787 Joanne
590 750 632 786 et
659 739 864 803 deinceps
888 750 1121 802 coeperunt
1152 739 1206 785 de
1239 739 1414 787 Christo
1448 743 1540 788 fieri

167 811 390 876 praeterita
412 810 478 858 vel
501 809 730 874 Praesentia
747 846 759 866 ‚
797 826 897 873 quae
916 809 972 855 ab
990 809 1074 855 illis
1100 810 1301 855 omnibus
1320 812 1543 858 anterioris

168 880 378 944 temporis
395 880 522 940 justis
540 879 833 926 credebantur
850 916 860 934 ,
895 879 1205 942 sperabantur,
1232 879 1542 928 desideraban-

169 960 242 996 tur
262 950 425 997 futura.
456 949 620 996 Eadem
644 950 777 1010 igitur
796 948 902 995 fides
918 959 1003 1006 est,
1026 959 1067 994 et
1083 949 1129 994 in
1147 949 1230 995 illis
1247 951 1323 1013 qui
1342 952 1542 999 nondum

140 1012 144 1015 ⁵
166 1020 344 1066 nomine
361 1057 373 1076 ,
402 1019 475 1066 sed
499 1020 656 1083 reipsa
678 1019 856 1065 fuerunt
886 1029 1007 1064 antea
1032 1019 1298 1076 Christiani,
1325 1031 1366 1066 et
1388 1021 1433 1066 in
1453 1023 1543 1068 istis

167 1091 247 1155 qui
260 1108 349 1136 non
367 1090 507 1136 solum
525 1099 651 1145 sunt,
672 1090 956 1135 verumetiam
973 1099 1203 1145 vocantur,
1227 1099 1268 1134 et
1283 1091 1329 1135 in
1346 1092 1542 1156 utrisque

168 1159 320 1206 eadem
340 1160 474 1220 gratia
494 1177 572 1223 per
599 1159 815 1222 Spiritum
838 1169 1051 1216 sanctum.
1077 1159 1204 1204 Unde
1229 1159 1336 1206 dicit
1359 1163 1543 1225 Aposto-

167 1228 269 1275 lus:
306 1229 568 1275 «Habentes
602 1239 746 1275 autem
781 1229 983 1275 eumdem
1017 1228 1220 1292 spiritum
1243 1230 1345 1276 fidei
1364 1268 1374 1284 ‚
1395 1249 1545 1278 secun-

167 1319 191 1343 »
209 1298 318 1345 dum
337 1299 457 1364 quod
476 1299 688 1363 scriptum
709 1310 771 1346 est
790 1317 801 1345 z
827 1299 1006 1345 Credidi
1029 1309 1213 1363 propter
1231 1301 1350 1363 quod
1370 1301 1543 1349 locutus

166 1389 191 1414 >³
207 1385 332 1424 sum;
357 1380 400 1416 et
423 1387 499 1416 nos
519 1370 740 1417 credimus
763 1380 948 1434 propter
971 1369 1091 1434 quod
1115 1380 1157 1416 et
1178 1369 1401 1434 loquimur
1419 1372 1451 1419 3.
1476 1395 1496 1416 »

231 1440 335 1487 XII.
389 1439 525 1487 Aliter
562 1440 711 1505 itaque
743 1440 906 1486 dicitur
938 1443 1032 1500 jam
1075 1439 1300 1487 obtinente
1335 1441 1546 1506 loquendi

168 1509 481 1557 consuetudine
503 1510 635 1556 Vetus
666 1511 990 1556 Testamentum
1008 1547 1019 1567 ,
1041 1509 1106 1556 lex
1122 1520 1164 1556 et
1188 1511 1422 1574 prophetae
1445 1530 1544 1559 om-

166 1594 242 1628 nes
259 1617 271 1637 ,
296 1580 374 1643 qui
390 1596 525 1642 usque
539 1579 593 1625 ad
615 1579 826 1625 «Ioannem
846 1579 1280 1642 prophetaverunt43
1309 1582 1429 1645 quod
1449 1582 1543 1629 dis-

166 1648 346 1696 tinctius
369 1659 491 1695 vetus
511 1649 848 1695 instrumentum
863 1685 874 1704 ,
901 1665 1035 1712 quam
1059 1649 1190 1696 Vetus
1219 1650 1544 1699 Testamentum

167 1729 350 1765 vocatur
375 1736 386 1763 ε
413 1718 534 1764 aliter
554 1728 698 1764 autem
719 1718 831 1764 sicut
855 1717 1108 1781 Apostolica
1134 1718 1328 1782 appellat
1347 1724 1542 1769 auctori-

167 1798 232 1835 tas
249 1826 261 1846 ‚
283 1789 371 1835 sive
394 1789 482 1835 hoc
502 1806 660 1835 nomen
683 1789 924 1853 exprimens
940 1825 952 1845 ‚
980 1789 1068 1835 sive
1093 1788 1352 1848 significans.
1386 1794 1544 1857 Expri-

166 1858 249 1905 mit
283 1858 425 1915 enim,
464 1859 544 1904 ubi
578 1859 685 1905 dicit
710 1877 721 1905 :
763 1860 950 1923 «Usque
981 1858 1028 1905 in
1062 1858 1326 1906 hodiernum
1355 1861 1498 1919 diem,
1522 1886 1542 1906 ))

167 1929 366 1994 quandiu
384 1929 544 1990 legitur
560 1931 748 1993 Moyses,
770 1930 962 1994 idipsum
984 1929 1178 1976 velamen
1201 1930 1247 1976 in
1264 1931 1446 1980 lectione
1466 1936 1546 1982 Ve-

167 1999 271 2045 teris
305 1999 570 2045 Testamenti
604 2010 784 2046 manet:
818 1999 938 2064 quod
975 2017 1063 2046 non
1092 2000 1334 2058 revelatur,
1370 2005 1471 2066 quia
1502 2006 1548 2052 in

170 2069 350 2116 Christo
373 2071 657 2118 evacuatur5.
684 2070 756 2116 Sic
776 2074 891 2116 enim
912 2070 1062 2133 utique
1082 2070 1214 2116 Vetus
1225 2072 1550 2122 Testamentum

169 2139 225 2186 ad
248 2140 391 2203 Moysi
413 2140 561 2186 retulit
594 2139 896 2187 ministerium.
928 2145 1037 2186 Item
1069 2140 1211 2185 dicit:
1248 2162 1269 2182 α
1300 2146 1362 2187 Ut
1385 2147 1546 2191 servia-

167 2230 191 2253 »
210 2225 307 2255 mus
328 2209 375 2254 in
395 2209 587 2255 novitate
604 2210 782 2273 spiritus
799 2246 810 2266 ,
831 2220 874 2255 et
891 2226 979 2255 non
996 2209 1043 2255 in
1060 2220 1269 2256 vetustate
1291 2210 1475 2260 litterae6
1494 2234 1504 2260 :
1525 2239 1545 2259 »

167 2279 363 2343 idipsum
398 2279 645 2340 significans
677 2281 1000 2326 Testamentum
1033 2281 1208 2327 nomine
1243 2282 1413 2332 litterae.
1446 2287 1554 2334 Item

174 2350 258 2399 alio
276 2350 374 2396 loco
398 2367 409 2396 :
437 2370 458 2392 (ι
478 2350 566 2406 Qui
587 2361 628 2396 et
645 2350 824 2397 idoneos
840 2368 918 2397 nos
941 2351 1045 2397 fecit
1063 2351 1280 2398 ministros
1305 2354 1418 2401 novi
1442 2357 1549 2404 Tes-

137 2480 142 2483 .
177 2440 201 2463 ι)
215 2419 397 2466 tamenti
409 2456 421 2476 ,
440 2436 528 2466 non
545 2420 702 2467 litterae
720 2458 731 2478 ‚
754 2420 827 2467 sed
845 2421 1022 2485 spiritus
1040 2441 1051 2475 ς
1077 2420 1221 2467 littera
1237 2423 1350 2468 enim
1371 2427 1550 2485 occidit,

170 2489 388 2553 »spiritus
408 2500 550 2536 autem
571 2490 806 2538 vivificat7.
833 2512 854 2533 »
883 2493 939 2538 Et
963 2491 1036 2536 hic
1065 2508 1146 2554 per
1167 2498 1553 2543 commemoratio-

174 2577 276 2607 nem
296 2561 441 2619 Novi,
464 2560 576 2607 illud
593 2561 744 2625 utique
765 2561 896 2608 Vetus
921 2561 1103 2622 intelligi
1122 2562 1274 2610 voluit.
1301 2564 1442 2611 Multo
1466 2585 1548 2617 au..

219 2644 232 2666 ¹
247 2645 342 2675 Joan.
362 2655 392 2684 1,
409 2655 466 2686 29.
482 2659 529 2669 ·—·
545 2642 561 2666 ²
574 2644 678 2677 Galat.
696 2655 749 2686 111,
774 2646 828 2677 16.
843 2663 886 2669 —
914 2642 929 2668 3
954 2656 968 2676 1
986 2646 1062 2677 Cor.
1080 2655 1126 2687 ιν,
1151 2646 1212 2683 13,
1243 2644 1290 2688 et]
1307 2643 1388 2681 Psal.
1407 2658 1488 2690 ¹cxv,
1526 2665 1557 2688 ι,

172 2714 217 2725 ·-—
236 2696 251 2723 ⁴
270 2698 387 2736 Matth.
414 2709 458 2739 xl,
475 2701 531 2735 13.
549 2697 564 2723 ⁵
579 2709 597 2731 2
618 2700 693 2734 Cor.
711 2710 766 2743 ιιι,
796 2705 851 2737 14.
867 2715 911 2725 —
927 2696 943 2724 6
956 2702 1049 2733 Rom.
1068 2708 1124 2737 vu,
1138 2700 1171 2734 6.
1184 2716 1228 2726 —
1242 2697 1258 2722 ⁷
1274 2710 1292 2732 a
1307 2701 1380 2737 Cor.
1394 2715 1444 2747 m,
1459 2708 1492 2743 6,
