1843 3190
389 332 480 409 ῥ94
809 337 842 378 S
888 348 1133 379 AUGUSTINI
1168 347 1372 378 EPISCOPI

385 407 441 466 ad
461 423 530 464 eos
546 415 734 481 'pertinet
759 416 907 475 agunt.
939 410 1064 460 Odor
1080 414 1136 459 ab
1158 412 1384 459 olfaciente
1404 410 1680 470 discernitur,
1699 412 1762 459 33-

385 505 470 553 por
496 506 519 533 a
548 496 771 547 gustante,
805 496 947 530 tactus
987 503 1010 530 a
1047 495 1245 545 tangente
1281 484 1484 547 plurima.
1525 484 1625 529 Non
1648 483 1764 529 enim

383 559 472 604 hoc
486 566 549 603 est
572 555 763 602 calidum
788 566 829 600 et
849 553 1057 614 frigidum
1075 554 1230 618 ,quod
1250 554 1343 599 lene
1361 565 1402 599 et
1422 570 1652 618 asperum,
1691 564 1766 599 aut

385 630 465 676 ista
488 628 577 674 hoc
595 638 696 673 sunt
715 626 836 690 quod
860 625 988 672 molle
1025 643 1073 672 ac
1106 625 1295 679 durum3
1319 635 1360 671 et
1384 625 1440 671 ab
1464 625 1533 671 1113
1563 624 1767 671 omnibus

388 698 518 746 distat
537 697 656 776 quod
676 696 838 742 dicitur
853 696 942 744 leve
959 713 1031 742 seu
1046 713 1186 756 grave.
1212 698 1263 741 In
1282 695 1349 741 his
1371 695 1574 741 omnibus
1591 689 1768 758 quando

386 765 566 816 molesta
587 768 799 820 vitantur,
827 777 876 812 ut
898 778 1104 830 putores,
1140 764 1477 820 amaritudines,
1509 775 1657 820 aestus,
1686 763 1770 810 fri-

390 857 493 901 gora
509 876 521 896 ,
541 849 584 884 et
606 854 793 902 quaeque
817 854 967 900 aspera
983 874 994 893 ,
1019 847 1061 882 et
1083 836 1193 882 dura
1210 873 1222 892 ,
1243 846 1305 881 est
1328 836 1497 895 gravia,
1525 832 1771 881 commodi-

388 910 488 956 tatis
506 906 699 973 provisio
713 944 725 964 ,
752 924 842 953 non
865 906 1004 953 libido
1024 917 1065 953 et
1088 906 1340 970 voluptatis.
1376 907 1438 951 Ea
1458 922 1559 951 vero
1583 922 1682 969 quae
1701 905 1771 951 his

388 978 607 1027 contraria
621 977 849 1025 commode
861 977 1089 1032 sumimus,
1108 977 1142 1023 si
1160 976 1273 1023 nihil
1285 993 1434 1022 eorum
1453 978 1626 1022 interest
1640 976 1696 1022 ad
1709 993 1773 1022 sa-

386 1051 541 1107 lutem,
570 1049 639 1097 vel
665 1048 721 1094 ad
757 1040 1063 1095 declinandam
1080 1046 1242 1094 doloris
1258 1047 1473 1093 laborisve
1506 1046 1770 1103 molestiam,

392 1117 560 1167 etiamsi
573 1137 675 1166 cum
683 1119 828 1183 aliqua
836 1117 1358 1165 sumunturdelectatlone
1372 1134 1471 1163 cum
1480 1127 1640 1180 praesto
1654 1127 1772 1174 sunt,

391 1202 651 1238 tamencum
671 1191 831 1237 absunt
850 1182 970 1236 nulla
991 1201 1092 1235 sunt
1107 1185 1392 1235 desideranda
1411 1188 1609 1236 libidine.
1637 1188 1683 1234 Si
1696 1204 1777 1234 au-

393 1258 481 1308 tem
491 1258 808 1318 desiderantur,
824 1266 914 1306 nOn
934 1271 996 1306 est
1011 1261 1194 1307 bonum.
1215 1261 1267 1305 In
1296 1258 1568 1323 quibuslibet
1585 1258 1697 1305 enim
1714 1276 1777 1304 re·

397 1328 481 1379 bus
512 1330 608 1377 tah's
629 1324 875 1378 domandus
894 1327 1171 1394 etjsanandus
1185 1340 1246 1375 est
1260 1330 1492 1393 appetitus.
1517 1329 1626 1385 Quis
1664 1330 1780 1374 enim

396 1415 777 1468 quantuscumque
811 1402 865 1447 sit
892 1400 1075 1447 carnalis
1113 1400 1482 1478 concupiscentiae
1518 1399 1776 1466 castigator,

396 1472 431 1519 si
451 1469 599 1519 locum
624 1471 705 1536 th)
709 1472 909 1518 miamate
932 1469 1157 1517 intraverit
1180 1469 1430 1526 odoratum,
1454 1470 1590 1533 possit
1614 1464 1780 1515 efficere

395 1555 444 1591 ut
464 1543 502 1590 ei
527 1561 614 1590 non
634 1542 822 1589 suaviter
839 1540 969 1599 oleat,
989 1541 1074 1587 nisi
1089 1558 1210 1587 nares
1228 1534 1425 1596 claudat,
1449 1550 1524 1585 aut
1542 1540 1781 1600 intentione

394 1612 641 1666 vehementi
667 1602 876 1659 alienetur
909 1629 933 1656 a
969 1611 1165 1674 corporis
1189 1610 1414 1656 sensibus?
1450 1604 1535 1656 Sed
1562 1594 1782 1673 numquid

399 1686 501 1730 culn
532 1678 634 1730 inde
663 1681 793 1729 fuerit
827 1699 1041 1743 egressus,
1063 1681 1110 1726 id
1128 1680 1249 1726 domi
1268 1697 1357 1726 suae
1375 1717 1386 1736 ,
1415 1679 1482 1725 vel
1505 1696 1783 1749 quacumque

400 1754 567 1819 pergit,
599 1719 889 1800 desiderabit?
928 1763 1003 1798 aut
1033 1753 1067 1797 si
1097 1750 1428 1806 desideraverit,
1465 1750 1618 1795 satiare
1653 1746 1784 1796 debet

398 1835 526 1872 istam
542 1823 798 1880 libidinem
836 1840 925 1869 non
959 1822 1127 1867 frenare
1159 1832 1201 1866 et
1230 1831 1378 1866 contra
1399 1820 1783 1884 concupiscentem

402 1912 577 1941 carnem
604 1895 761 1959 spiritu
784 1893 1121 1956 concupiscere,
1149 1879 1288 1937 donec
1325 1890 1381 1936 ad
1409 1890 1531 1936 illam
1557 1890 1704 1936 redeat
1721 1908 1784 1936 sa-

400 1965 582 2012 nitatem
595 1983 713 2043 ,qua
723 1960 836 2011 nihil
855 1958 936 2010 tale
955 1962 1193 2009 desideret?
1209 1951 1444 2007 Minimum
1462 1955 1549 2007 hoc
1567 1954 1780 2025 quidem:

401 2035 475 2083 sed
497 2035 575 2100 qui
605 2035 787 2081 minima
816 2035 1003 2097 spernit,
1037 2035 1149 2079 sicut
1188 2032 1402 2096 scriptum
1443 2043 1529 2088 est,
1573 2032 1785 2096 paulatim

405 2099 613 2168 decidit1.

464 2162 646 2231 LXVII.
664 2163 982 2221 Alimentorum
994 2171 1293 2220 sustentaculis
1306 2171 1573 2233 indigemus
1587 2189 1622 2218 31
1636 2188 1785 2220 suav¹a

404 2262 495 2293 non
518 2246 604 2293 sint
625 2262 726 2310 quae
756 2262 829 2291 ore
862 2255 1113 2301 sumuntur,
1138 2260 1217 2289 nec
1231 2243 1343 2289 sumi
1371 2253 1579 2307 possunt,
1609 2253 1651 2307 et
1673 2261 1785 2290 nau-

404 2317 565 2377 seando
588 2334 704 2381 saepe
723 2327 989 2381 respuuntur
1002 2336 1016 2381 ξ
1035 2326 1077 2362 et
1098 2315 1341 2379 perniciosa
1364 2324 1465 2360 sunt
1487 2314 1681 2361 cavenda
1702 2314 1786 2360 fas-

403 2388 542 2443 tidia:
571 2405 659 2433 non
679 2386 821 2433 solum
837 2403 938 2447 ergo
955 2386 1078 2442 cibo,
1102 2384 1176 2430 sed
1197 2384 1327 2430 etiam
1346 2384 1434 2429 cibi
1452 2401 1602 2448 sapore
1621 2385 1786 2445 indiget

400 2457 632 2524 infirmitas
653 2458 848 2520 corporis
868 2458 1032 2510 nostri3
1057 2473 1145 2516 non
1169 2466 1351 2519 propter
1373 2455 1703 2502 exsaturandam
1727 2455 1785 2501 li-

403 2528 604 2590 bidinem
620 2566 637 2590 ⁵.
666 2526 740 2574 sed
768 2538 950 2592 propter
969 2524 1177 2586 tuendam
1201 2526 1397 2573 salutem.
1429 2526 1543 2588 Cum
1566 2543 1667 2587 ergo
1701 2544 1785 2573 na-

400 2610 500 2648 tura
523 2598 719 2664 quodam
740 2597 1352 2663 modojpossitsssupplementa
1370 2614 1471 2660 quae
1493 2597 1673 2655 desunt,
1695 2596 1784 2645 noh

454 2684 465 2707 ¹
481 2682 577 2715 Eccli.
592 2694 663 2722 xxx,
682 2691 711 2715 1.
