1843 3190
342 249 439 303 ,2252
764 261 796 290 S·
843 259 1086 290 AUGUSTINI
1123 259 1326 290 EPISCOPI

343 329 415 376 sed
434 328 556 374 malae
573 327 798 372 frenantur
818 325 1104 388 cupiditates,
1120 343 1186 370 me
1199 323 1438 388 praecidere
1457 324 1711 371 climinaris.

344 400 512 446 Harum
536 408 598 442 est
616 413 701 441 una
722 395 1076 458 concupiscentia
1095 396 1260 453 carnis,
1281 412 1326 440 ex
1347 412 1434 458 qua
1455 406 1496 441 et
1519 412 1619 441 cum
1633 411 1719 459 qua

343 480 598 522 nascuntm,
640 477 680 512 et
719 475 901 529 propter
940 483 1070 529 quam
1110 476 1393 511 renascuntur
1419 464 1615 512 infantes.
1657 466 1719 510 Eo

345 541 458 588 malo
477 542 680 598 conjuges
708 547 845 582 castos
874 535 974 582 dico
1001 537 1063 582 uti
1087 537 1221 592 bene,
1258 535 1474 582 adulteros
1503 537 1614 582 male
1639 553 1649 580 :
1673 546 1721 581 tu

344 622 494 659 contra
518 625 566 654 eo
591 609 708 653 bono
736 606 950 652 adulteros
969 606 1078 653 dicis
1100 607 1164 653 uti
1189 606 1300 652 male
1319 644 1330 663 ,
1355 618 1494 653 castos
1520 611 1722 667 conjuges

345 683 456 729 bene
478 698 488 724 :
511 677 821 724 continentiam
847 677 998 723 melius
1033 695 1082 723 eo
1117 695 1203 723 non
1231 678 1322 732 uti,
1353 678 1481 723 ambo
1509 677 1718 730 dicimus3

350 752 423 800 sed
444 767 520 809 ego
544 765 593 793 eo
619 747 729 792 malo
744 784 754 801 ‚
778 757 825 793 tu
849 764 900 793 eo
917 749 1052 794 bono.
1090 749 1152 793 Ac
1169 765 1251 810 per
1272 747 1384 802 hoc3
1408 747 1606 811 quamvis
1631 748 1723 792 Deo

349 833 495 870 nostra
532 816 819 872 conscientia,
858 818 1124 863 conversatio
1153 833 1254 862 vero
1288 817 1417 862 etiam
1447 817 1724 869 hominibus,

350 895 461 939 intel
478 895 585 952 quos
608 885 794 931 vivimus
812 921 822 941 ‚
850 896 953 931 nota
976 887 1029 931 sit
1057 904 1067 930 ε
1096 896 1238 934 tamen
1261 886 1390 932 ambo
1413 887 1723 933 continentiam

351 962 648 1035 piofitemuiz
675 966 717 1000 et
739 956 772 1000 si
797 954 918 1019 quod
958 957 1218 1019 profitemur
1252 958 1444 1016 agimus,
1470 957 1595 1002 istam
1614 974 1724 1002 con-

353 1027 666 1096 cupiscentiam
693 1025 889 1089 profecto
910 1028 1039 1072 {mbo
1054 1026 1301 1083 frenamus,
1332 994 1532 1074 adve'rsus
1550 1032 1640 1088 ejus
1654 1044 1726 1073 re-

352 1109 594 1168 pugnantes
616 1107 757 1141 motus
781 1097 911 1142 ambo
932 1096 1171 1151 bellamus3
1196 1097 1325 1142 ambo
1345 1115 1468 1154 eam,
1487 1098 1519 1143 si
1543 1098 1727 1161 profici-

353 1190 478 1227 mus,
508 1167 789 1214 debellamus,
827 1167 987 1212 Verum
1013 1167 1101 1213 hoc
1134 1168 1334 1218 interest,
1363 1167 1484 1230 quod
1514 1185 1590 1228 ego
1627 1167 1726 1213 dico

351 1261 421 1291 me
451 1239 615 1287 malum
647 1237 840 1293 frenare,
864 1248 910 1282 tu
931 1248 1074 1282 autem
1105 1247 1144 1283 te
1164 1238 1364 1284 bonum:
1387 1255 1463 1298 ego
1494 1238 1592 1283 dico
1617 1237 1729 1283 mihi

356 1313 521 1361 malum
556 1325 824 1372 repugnare,
853 1318 900 1352 tu
934 1308 1015 1353 tibi
1039 1308 1206 1354 bonum
1235 1327 1245 1353 :
1274 1326 1351 1368 ego
1383 1308 1498 1354 bello
1530 1308 1729 1353 adversus

356 1384 519 1431 malum
536 1417 546 1435 ‚
570 1390 616 1424 tu
636 1377 836 1423 adversus
856 1378 1022 1423 bonum
1041 1396 1051 1422 ε
1072 1395 1148 1437 ego
1166 1380 1297 1441 cupio
1317 1379 1479 1424 malum
1495 1378 1728 1434 debellare,

356 1466 405 1500 tu
425 1455 607 1498 bonum,
630 1447 756 1493 Unde
773 1448 919 1510 putari
939 1458 1080 1510 potest
1098 1485 1108 1503 ‚
1133 1448 1253 1511 quod
1270 1449 1395 1494 istam
1414 1447 1731 1510 concupiscen-

357 1526 464 1570 tiam
498 1519 632 1579 magis
663 1517 845 1563 incitare
870 1517 1092 1563 laudando
1111 1555 1123 1575 ,
1153 1535 1287 1581 quam
1315 1518 1528 1564 refrenare
1564 1516 1733 1563 studeas

360 1588 641 1641 continendo.

423 1666 476 1710 L.
523 1659 721 1706 Gloriosa
754 1668 795 1702 te
828 1674 906 1720 per
944 1658 1258 1703 continentiam
1295 1659 1512 1721 profiteris
1543 1675 1734 1704 exercere

361 1731 628 1782 certamina:
665 1738 814 1773 contra
854 1728 963 1791 quid
1002 1732 1142 1787 rogo?
1182 1727 1301 1785 Quid
1340 1728 1535 1775 dicturus
1568 1746 1632 1785 es,
1654 1728 1734 1773 nisi

362 1817 514 1854 contra
537 1802 677 1847 carnis
706 1800 1138 1862 concupiscentiam?
1165 1800 1249 1845 Sed
1274 1810 1419 1846 utrum
1441 1801 1623 1846 amicam
1643 1837 1654 1855 ,
1682 1816 1735 1844 an

364 1873 685 1923 adversariam?
727 1869 958 1932 Numquid
983 1870 1064 1915 nisi
1101 1870 1389 1916 adversariam
1418 1870 1733 1934 respondebis?

364 1948 518 1993 «Caro
542 1942 655 1988 enim
689 1940 962 2002 concupiscit
995 1940 1196 1986 adversus
1224 1940 1424 2002 spiritum
1444 1977 1455 1996 ‚
1487 1952 1527 1986 et
1559 1940 1736 2004 spiritus

365 2039 386 2060 »
411 2016 612 2062 adversus
644 2026 816 2055 carnem
834 2009 866 2054 ¹1.
887 2031 906 2051 »
938 2010 1047 2055 Ilaec
1079 2010 1193 2055 enim
1217 2011 1403 2056 invicem
1427 2010 1733 2065 adversantur,

362 2090 475 2134 sicut
505 2081 733 2147 Apostolus
766 2080 882 2125 testis
905 2092 979 2127 est.
1010 2081 1217 2126 Fortassis
1248 2098 1348 2141 ergo
1373 2098 1467 2127 eam
1496 2081 1673 2127 laudare
1695 2090 1736 2125 te

363 2159 506 2218 fingis,
537 2155 569 2200 si
595 2169 787 2216 pugnare
805 2169 889 2196 non
919 2153 1058 2211 fingis.
1095 2153 1204 2197 Nam
1225 2152 1452 2215 quomodo
1476 2151 1661 2197 fideliter
1681 2151 1737 2196 si-

363 2227 456 2274 mul
474 2242 572 2285 agas
596 2224 683 2268 duo
703 2222 798 2276 ista,
821 2239 908 2266 non
928 2222 1073 2273 videoq
1092 2232 1140 2266 ut
1165 2233 1206 2267 et
1224 2222 1372 2267 laudes
1389 2222 1507 2268 velut
1532 2223 1731 2275 amicam,

365 2309 407 2343 et
425 2311 638 2359 expugnes
660 2292 778 2336 velut
794 2291 1028 2338 inimicam.
1051 2293 1197 2336 [fnum
1224 2309 1371 2337 eorum
1392 2292 1607 2337 credimus
1631 2308 1641 2335 z
1663 2289 1735 2336 sed
1796 2310 1797 2313 ¹

365 2369 473 2430 elige
499 2363 606 2428 quid
634 2362 874 2408 credamus.
908 2362 952 2406 Si
973 2380 1019 2407 ex
1043 2362 1187 2407 animo
1205 2379 1390 2424 pugnas,
1409 2380 1495 2407 non
1519 2379 1565 2407 ex
1590 2362 1735 2406 animo

366 2437 530 2485 laudas.
563 2434 606 2477 Si
633 2442 773 2477 autem
806 2432 1061 2494 simpliciter
1089 2432 1176 2491 agis
1198 2432 1243 2476 in
1268 2433 1492 2495 praeconio
1513 2469 1524 2488 ,
1552 2430 1736 2477 colludis
1793 2423 1795 2470 {

365 2512 411 2558 in
431 2506 594 2572 puello.
628 2504 718 2562 Ego
752 2519 850 2548 sane
873 2503 977 2565 quia
1013 2503 1214 2548 inimicus
1249 2504 1330 2548 tibi
1355 2521 1444 2549 non
1468 2521 1561 2550 sum
1586 2540 1598 2559 ,
1626 2503 1737 2548 sicut
1792 2513 1793 2531 ³

416 2594 427 2617 ¹
446 2591 551 2623 Galat.
568 2599 599 2629 v,
618 2598 669 2627 17.
