1843 3190
319 240 495 272 CONTRA
525 242 752 275 ,romanon
787 243 1093 286 PELAGIANUM,
1131 245 1218 277 mn.
1260 247 1321 277 vr.
1393 233 1481 291 431

117 322 312 385 unquam
336 306 424 359 hoc
444 306 592 354 fecerit
620 325 667 354 ex
686 326 774 372 quo
809 308 1031 355 lavacrum
1062 311 1390 370 regenerationis
1411 330 1488 359 ac-

117 374 247 440 cepit.
279 377 474 440 Itemque
509 390 607 445 post
636 380 992 426 consuetudinem
1019 381 1267 427 vinolentiae
1286 382 1486 446 baptiza-

117 457 204 502 tus,
231 456 273 491 et
291 461 516 518 nunquam
554 465 596 493 se
626 447 829 512 deinceps
852 466 1028 514 prorsus
1056 451 1303 508 inebrians,
1331 453 1485 500 vellem

117 516 280 562 diceres
301 553 312 570 ‚
351 527 497 562 utrum
528 518 584 563 ab
615 518 695 563 isto
731 520 886 564 morbo
919 537 1005 564 non
1038 521 1157 565 fiat
1147 539 1191 566 1n
1222 521 1311 566 dies
1344 523 1486 568 sanior

117 603 248 649 quam
271 585 428 641 fuerat,
455 604 554 632 cum
584 589 817 654 potationis
841 589 1052 666 gurgitem
1093 590 1234 637 minus
1260 591 1487 655 minusque

117 656 473 733 desideratquam
496 658 674 706 solebat.
704 659 860 704 Sensus
884 670 945 707 est
964 659 1116 722 igitur,
1139 677 1226 705 non
1250 660 1343 723 ipsa
1376 679 1486 708 con-

117 726 410 789 cupiscenfia,
442 726 514 771 sed
537 727 608 773 ille
639 728 785 793 potius
808 745 895 806 quo
923 745 1002 773 nos
1028 746 1121 774 eam
1157 733 1362 789 majorem
1400 731 1486 775 mi-

116 812 320 842 noremve
351 789 512 841 habere
530 798 771 843 sentimus:
808 799 918 843 sicut
938 799 983 843 in
1002 799 1195 861 corporis
1216 799 1489 861 passionibus

116 882 206 912 non
232 882 374 913 sensus
397 875 458 911 est
476 865 616 923 dolor,
646 867 718 913 sed
738 867 809 912 ille
826 884 969 913 sensus
993 878 1054 912 est
1074 884 1160 931 quo
1196 869 1378 913 sentitur
1404 869 1488 914 do-

117 936 210 990 lor3
239 953 319 982 nec
342 953 487 982 sensus
520 948 583 983 est
608 938 790 983 morbus
812 975 822 993 ‚
849 938 921 984 sed
948 938 1019 983 ille
1042 955 1184 983 sensus
1207 949 1268 983 est
1292 954 1378 1001 quo
1412 956 1490 986 nos

117 1008 324 1071 morbum
351 1006 513 1053 habere
533 1008 752 1056 sentimus.
783 1011 920 1058 Porro
948 1009 982 1054 si
1006 1010 1213 1055 continuo
1242 1010 1291 1058 fit
1314 1009 1455 1056 bonus
1474 1047 1485 1064 ‚

117 1087 160 1128 et
184 1077 335 1140 utique
359 1077 475 1122 bona
492 1077 701 1140 qualitate
730 1079 781 1124 fit
805 1079 945 1124 bonus
965 1116 975 1134 ‚
1008 1081 1084 1142 qui
1111 1078 1387 1128 fornicationi
1418 1081 1488 1125 vi-

116 1145 407 1210 nolentiaeque
424 1148 673 1192 renuntians
697 1148 751 1193 ab
770 1147 1024 1207 hujusmodi
1052 1148 1258 1211 operibus
1283 1165 1324 1193 se
1342 1165 1383 1193 se
1408 1149 1491 1194 ab-

117 1218 248 1264 stinet
267 1237 279 1271 ;
305 1234 449 1263 nonne
463 1228 577 1262 recte
599 1217 722 1262 audit
739 1254 751 1273 ,
786 1238 806 1258 c<
828 1219 939 1263 Ecce
962 1235 1088 1263 sanus
1119 1217 1260 1263 factus
1298 1234 1340 1262 es
1358 1254 1369 1273 ‚
1400 1221 1490 1277 jam

119 1309 140 1332 >2
162 1288 254 1337 noli
274 1286 480 1351 peccare1
501 1305 512 1332 :
538 1309 558 1329 >³
577 1298 778 1352 recteque
799 1287 1047 1351 appellatur
1069 1298 1209 1333 castus
1224 1298 1266 1332 et
1288 1287 1489 1334 sobrius?

118 1358 286 1404 Deinde
303 1358 337 1403 si
353 1368 563 1421 provectu
585 1358 953 1421 concupiscentiae
976 1358 1124 1413 bonae,
1153 1375 1240 1420 qua
1261 1357 1492 1420 concupis-

119 1429 279 1476 centias
306 1427 440 1473 malas
466 1427 710 1474 fornicandi
738 1429 1008 1491 potandique
1039 1427 1252 1483 debellat,
1285 1426 1379 1472 talis
1401 1427 1491 1472 essi-

118 1499 250 1554 citur‚
276 1498 415 1562 qualis
433 1498 594 1544 recenti
617 1499 896 1544 conversione
919 1498 1117 1543 nondum
1136 1497 1236 1553 fuit,
1254 1507 1302 1542 ut
1317 1496 1490 1542 illorum

117 1572 164 1618 in
188 1588 237 1617 eo
254 1564 462 1617 desideria
480 1580 761 1636 peccatorum
780 1571 921 1616 minus
946 1570 1173 1633 minusque
1198 1579 1455 1614 moveantur
1473 1606 1486 1626 ,

120 1653 168 1688 ut
187 1642 388 1695 adversus
407 1659 455 1687 ea
476 1637 586 1687 mala
611 1658 698 1689 non
717 1652 835 1690 tanta
862 1652 1022 1705 quanta
1049 1642 1168 1704 prius
1186 1649 1392 1695 exerceat,
1416 1639 1489 1685 sed

119 1713 289 1759 minora
312 1713 548 1759 certamina
567 1750 577 1768 ‚
602 1729 691 1763 non
708 1714 919 1758 virtutum
940 1712 1227 1760 diminutione
1246 1749 1256 1764 ‚
1286 1709 1357 1755 sed
1386 1710 1493 1755 hos-

119 1782 231 1829 tium
246 1800 257 1839 3
274 1800 352 1828 nec
373 1783 599 1832 deficiente
619 1798 785 1846 pugna,
803 1782 874 1830 Sed
894 1792 1109 1831 crescente
1136 1781 1335 1835 victoria,
1357 1779 1495 1825 dubi-

122 1853 234 1898 tabis
270 1870 369 1898 eum
400 1852 684 1916 pronuntiare
718 1851 969 1897 meliorem?³
1014 1851 1137 1897 Unde
1162 1851 1339 1896 obsecro
1360 1887 1370 1906 ,
1410 1849 1494 1895 nisi

122 1923 225 1985 quia
249 1923 364 1968 bona
388 1923 574 1987 qualitas
595 1933 719 1968 aucta
741 1959 751 1977 ‚
780 1933 821 1967 et
843 1922 956 1967 mala
983 1922 1150 1966 minuta
1173 1923 1262 1966 est‘?
1302 1922 1493 1965 Auctum

122 2002 184 2037 est
202 1992 335 2052 igitur
349 2010 438 2057 quo
457 1993 601 2040 bonus
626 2009 713 2038 esse
739 1991 901 2054 coepit,
929 1991 1146 2039 minutum
1169 2000 1230 2035 est
1253 2006 1339 2066 quo
1358 1988 1495 2034 malus

120 2061 234 2117 fuit3
255 2074 297 2108 et
312 2063 399 2109 hoc
425 2064 511 2122 egit
532 2073 630 2125 post
653 2062 947 2125 baptismum,
987 2078 1074 2106 non
1098 2061 1263 2123 peregit
1298 2059 1343 2104 in
1378 2059 1496 2121 bap-

123 2132 265 2180 tismo
299 2134 363 2180 Ita
386 2133 584 2200 quamvis
609 2132 672 2178 ibi
695 2143 870 2196 peracta
901 2131 1031 2176 fuerit
1058 2131 1185 2193 plena
1213 2140 1495 2192 peccatorum

123 2203 342 2248 remissio:
371 2203 576 2248 remansit
599 2213 761 2256 tamen,
781 2219 867 2266 qua
884 2201 1194 2264 proficeretur
1183 2217 1228 2245 1n
1251 2199 1403 2244 melius
1422 2199 1495 2245 ad-

124 2290 269 2319 versus
311 2284 453 2318 caterx
458 2291 501 2318 as
542 2272 852 2318 desideriorum
899 2271 1112 2316 malorum
1144 2271 1187 2314 in
1233 2269 1360 2314 nobis
1392 2269 1497 2331 ipsis

126 2344 276 2408 utique
300 2343 660 2389 tumultuantium
697 2342 925 2403 vigilanter
947 2340 1172 2386 exserenda
1218 2350 1259 2385 et
1293 2340 1499 2384 instanter

122 2413 361 2461 exercenda
383 2413 580 2469 luctatio,
598 2423 779 2479 propter
802 2429 933 2477 quam
954 2412 1116 2457 dicitur
1139 2411 1267 2456 etiam
1297 2409 1494 2472 baptiza-

126 2483 180 2529 tis
200 2519 212 2539 ,
245 2503 265 2524 ε(
286 2483 546 2529 Mortificate
580 2482 777 2529 membra
800 2492 940 2529 vestra
974 2498 1075 2546 quae
1111 2491 1212 2527 sunt
1246 2495 1374 2542 super
1411 2489 1497 2524 ter-

175 2565 187 2589 ¹
204 2568 348 2605 Joan.v,
367 2572 420 2602 14.
