1843 3190
307 267 399 314 520
909 274 1067 306 mnnx.

353 362 477 404 nuptiis
492 360 607 392 accidit
621 370 659 391 ex
678 363 813 401 [ποι-δίο
832 357 968 388 :bonam
984 366 1111 398 quoque
1128 365 1192 386 esse
1219 354 1276 385 Dei
1301 355 1420 395 legem,
1444 354 1498 385 sed
1523 354 1566 386 ita

354 427 389 454 ut
406 426 567 463 peccatum
588 419 734 452 ostendat
757 417 965 452 solummodo,
989 426 1053 447 non
1079 415 1192 447 tollat:
1213 414 1347 445 liberum
1373 419 1462 444 certe
1479 413 1568 444 arbi-

355 481 452 514 trium
468 486 591 512 naturae
606 479 744 511 hominis
762 479 892 510 insitum
909 487 994 513 esse;
1018 486 1103 507 nunc
1122 480 1229 506 tamen
1247 474 1288 506 ita
1306 473 1499 516 captivatum
1512 497 1520 509 ‚
1538 479 1575 505 ut

355 543 392 574 ad
408 540 584 573 faciendam
612 540 769 581 justitiam
786 550 850 570 non
867 539 983 575 valeat,
1003 536 1060 568 nisi
1079 547 1150 567 cum
1166 535 1262 566 fuerit
1276 546 1331 576 per
1344 534 1476 575 gratiam
1489 534 1573 565 libe-

354 608 457 634 ratum
477 613 484 632 ε
513 606 639 632 sanctos
662 605 768 631 autem
798 609 851 629 seu
871 598 953 629 Noxi
971 608 1024 628 s‹u
1042 595 1165 627 Veteris
1180 594 1377 627 Testamenti
1394 593 1487 625 fuisse
1503 593 1572 635 qui-

351 662 422 694 dem
438 672 510 692 vera
526 660 646 702 justitia
665 659 832 701 praeditos,
856 669 919 689 non
937 658 1078 699 perfecta
1097 662 1215 691 tamen,
1237 665 1296 686 nec
1311 660 1375 685 tam
1393 654 1489 695 plena
1504 677 1513 690 ,
1540 658 1576 685 ut.

351 720 514 752 caruerint
531 721 617 751 omni
636 725 778 761 peccato.
797 719 836 749 In
853 717 915 748 fine
933 717 1055 758 profert
1077 714 1227 758 Cypriani
1241 721 1272 747 et
1298 714 1461 745 Ambrosii
1480 715 1571 746 testi-

350 780 454 811 monia
470 790 527 821 pro
545 780 701 810 catholica
717 779 792 816 fide,
811 777 953 819 quaedam
967 778 1005 808 de
1014 775 1159 815 originali
1174 780 1316 816 peccam,
1335 774 1395 804 alia
1412 773 1451 804 de
1465 774 1574 814 gratiae

349 837 518 878 adjutorio,
532 836 641 867 ultima
659 835 697 866 de
713 836 876 877 praesentis
890 834 1020 875 justitiae
1033 832 1289 874 imperfectione.

310 940 492 972 CONTRA
508 937 741 970 JULtANL‘m·
758 936 964 968 HAERESIS
979 933 1253 968 PELAGIANAE
1265 931 1572 964 DEFENSOREM

351 1001 442 1030 Linni
457 1010 528 1030 sex.
543 1017 584 1022 —
600 1000 698 1029 Lama
716 998 743 1029 1.
766 998 967 1030 Catholicam
985 995 1176 1028 sententiam
1197 995 1238 1025 de
1255 992 1399 1033 originali
1417 998 1546 1033 peccato
1560 1002 1577 1024 a

348 1069 381 1090 se
405 1060 437 1090 in
462 1059 564 1099 primo
582 1058 666 1090 libro
690 1059 728 1090 de
746 1058 875 1100 Nuptiis
904 1063 936 1089 et
954 1056 1211 1098 concupiscentia
1234 1055 1422 1096 explicatam
1446 1053 1576 1095 suscipit

351 1118 585 1150 defendendam
600 1123 711 1150 contra
727 1119 892 1150 Julianum
903 1141 911 1155 ,
930 1118 983 1160 qui
1001 1128 1070 1149 eam
1092 1122 1230 1159 quatuor
1244 1115 1468 1157 grandioribus
1484 1113 1575 1145 libris

348 1179 496 1210 insectari
520 1190 627 1217 ausus,
661 1179 692 1209 in
719 1179 786 1220 ejus
810 1178 990 1210 defensores
1018 1177 1273 1209 Manichaeorum
1302 1174 1575 1216 nuncupationem

347 1239 492 1270 conferre
503 1250 566 1270 non
580 1240 836 1271 vereatur.Hanc
849 1238 1059 1270 execrabilem
1074 1236 1332 1268 criminationem
1342 1235 1372 1266 in
1386 1234 1576 1266 clarissimos

350 1309 490 1341 quosque
508 1300 639 1330 Patrum
655 1305 720 1331 tam
742 1299 930 1330 Graecorum
949 1308 1043 1339 quam
1063 1296 1255 1328 Latinorum
1273 1295 1419 1327 recidere
1434 1293 1575 1326 ostendit

354 1360 557 1400 Augustinus,
573 1358 718 1390 allatisin
735 1368 805 1390 eam
822 1368 888 1389 rem
902 1357 1044 1400 ipsorum
1061 1355 1263 1393 testimoniis,
1284 1365 1355 1386 cum
1370 1355 1576 1397 responsione

350 1418 390 1450 ad
413 1419 465 1450 illa
481 1418 670 1450 nominatim
688 1417 796 1449 Basilii
813 1423 845 1450 et.
859 1416 993 1448 Joannis
1016 1415 1238 1458 Chrysostomi
1266 1414 1334 1445 loca
1346 1437 1354 1451 ‚
1374 1423 1446 1455 quae
1459 1413 1573 1444 suffra—

349 1478 415 1519 gari
431 1476 652 1509 sibiJulianus
666 1481 768 1518 putat.
787 1476 939 1507 Extrema
959 1480 1050 1516 parte
1074 1474 1147 1506 libri
1168 1477 1326 1504 monstrat
1341 1495 1349 1507 ‚
1373 1471 1574 1503 Manichaeo—

352 1547 423 1568 rum
438 1536 582 1568 haeresim
600 1535 777 1568 temerariis
787 1534 1103 1577 quibusdamJuliani
1118 1533 1216 1576 ipsius
1231 1531 1397 1564 sententiis
1406 1531 1578 1574 plurimum

353 1595 509 1636 adjuvari.

309 1699 410 1730 Lunna
428 1698 476 1730 11.
499 1698 742 1739 Pelagianorum
754 1702 864 1729 contra
878 1696 1033 1738 originale
1049 1701 1214 1738 peccatum
1229 1699 1418 1736 argumenta
1437 1694 1580 1736 quinque

350 1758 501 1791 convellit
514 1757 706 1790 auctoritate
723 1767 759 1788 ac
772 1756 938 1788 sententiis
955 1755 1186 1788 catholicorum
1203 1754 1370 1787 doctorum
1385 1753 1440 1795 qui
1455 1759 1528 1785 ante
1539 1754 1577 1784 'in

353 1818 493 1849 Ecclesia
509 1816 705 1850 claruerunt,
720 1815 944 1857 episcoporum
959 1815 1079 1846 scilicet
1095 1813 1268 1846 illustrium
1289 1813 1399 1844 decem
1413 1836 1422 1848 ,
1435 1813 1550 1844 lrenaei
1566 1836 1575 1848 ,

349 1876 522 1920 Cypriani,
541 1874 667 1910 Beticii,
684 1874 840 1917 Olympii,
855 1874 987 1912 Hilarii,
1007 1873 1153 1915 Gregorii
1184 1873 1386 1910 Nazianzeni,
1405 1872 1578 1909 Ambrosii,

348 1936 468 1973 Basilii,
486 1935 622 1967 Joannis
634 1933 998 1975 constantinopolitani.
1011 1937 1042 1964 et
1057 1932 1250 1968 Innocent1i‚
1260 1942 1385 1964 necnon
1396 1931 1576 1974 presbyteri

347 1996 552 2038 Hieronymi,
572 1994 631 2025 viri
649 1994 748 2026 sancti
767 2004 802 2025 ac
819 1993 1012 2036 pereruditi.

305 2089 407 2121 Lmen
431 2089 501 2120 111.
528 2089 674 2121 Julianus
689 2089 837 2131 deinceps
853 2099 890 2120 ea
906 2088 1030 2120 ratione
1053 2098 1089 2120 ac
1104 2087 1270 2129 diligentia
1293 2087 1527 2127 confutandus,
1544 2094 1579 2121 ut

348 2148 387 2180 ad
402 2148 539 2190 singulos
557 2154 695 2190 quatuor
719 2149 818 2191 ipsius
844 2147 944 2181 libros
967 2149 1099 2180 seorsim
1125 2148 1358 2191 respondeatur
1376 2148 1507 2189 singulis
1524 2153 1582 2180 to·‡>

351 2210 450 2242 tidem
464 2209 567 2241 libris,
594 2209 667 2241 Hoc
684 2209 793 2252 itaque
815 2210 914 2242 tertio
940 2219 997 2241 suo
1015 2209 1211 2251 Augustinus
1236 2208 1375 2251 primum
1392 2208 1512 2240 Juliani
1536 2208 1574 2240 li-

346 2270 441 2306 brum
456 2270 584 2305 refellit.
599 2269 631 2301 id
646 2280 740 2312 agens
753 2276 789 2301 ut
805 2270 928 2312 liquido
943 2276 1109 2312 appareat,
1125 2280 1196 2302 cum
1214 2270 1301 2302 Deus
1323 2280 1416 2302 verus
1430 2276 1461 2302 et
1474 2270 1576 2303 bonus

346 2332 385 2363 sit
413 2331 578 2363 hominum
603 2330 750 2362 conditor
763 2354 770 2365 ,
797 2330 954 2372 bonaeque
972 2331 1035 2362 sint
1059 2330 1180 2372 nuptiae
1194 2336 1226 2363 et
1255 2330 1294 2361 ab
1310 2331 1380 2372 ipso
1395 2330 1570 2369 institutae‚

345 2393 462 2425 malum
480 2397 586 2424 tamen
609 2401 675 2423 esse
690 2392 980 2433 concupiscentiam
993 2414 1004 2428 ,
1027 2402 1088 2434 qua
1107 2401 1182 2423 caro
1201 2396 1311 2423 contra
1336 2391 1484 2433 spiritum
1498 2401 1574 2423 con·

346 2453 490 2496 cupiscit.
514 2453 585 2484 Hoc
600 2453 684 2483 malo
698 2451 781 2483 bene
797 2452 841 2484 uti
866 2438 1052 2494 pudicitiam
1079 2451 1292 2493 conjugalem,
1318 2452 1495 2494 meliusque
1509 2462 1573 2482 non

346 2514 394 2546 uti
410 2524 448 2545 eo
466 2512 696 2545 continentiam
723 2512 927 2544 sanctiorem.
958 2513 1079 2544 Malum
1103 2518 1211 2544 autem
1237 2512 1322 2544 istud
1351 2522 1416 2543 non
1447 2521 1487 2542 ex
1511 2511 1571 2543 alia

342 2573 517 2605 substantia
543 2582 638 2615 quam
651 2582 714 2603 non
732 2572 819 2603 Deus
834 2572 1027 2609 condiderit,
1047 2577 1079 2604 ut
1100 2571 1295 2604 Manichaeus
1314 2571 1456 2609 insanit,
1482 2570 1574 2602 nobis

1644 1590 1684 1622 85

1627 1992 1684 2023 :53
