<?xml version="1.0" encoding="UTF-8"?>
<!DOCTYPE html PUBLIC "-//W3C//DTD XHTML 1.0 Transitional//EN"
    "http://www.w3.org/TR/xhtml1/DTD/xhtml1-transitional.dtd">
<html xmlns="http://www.w3.org/1999/xhtml" xml:lang="en" lang="en">
 <head>
  <title>
</title>
<meta http-equiv="Content-Type" content="text/html;charset=utf-8" />
  <meta name='ocr-system' content='tesseract 3.04.00' />
  <meta name='ocr-capabilities' content='ocr_page ocr_carea ocr_par ocr_line ocrx_word'/>
</head>
<body>
  <div class='ocr_page' id='page_1' title='image "./operaomniaaccura35auguuoft/operaomniaaccura35auguuoft_0119.png"; bbox 0 0 1843 3190; ppageno 0'>
   <div class='ocr_carea' id='block_1_1' title="bbox 9 0 47 1677">
    <p class='ocr_par' dir='ltr' id='par_1_1' title="bbox 9 0 47 1677">
     <span class='ocr_line' id='line_1_1' title="bbox 9 0 47 1677; baseline 0 0"><span class='ocrx_word' id='word_1_1' title='bbox 9 0 47 1677; x_wconf 95' lang='lat' dir='ltr'>    </span> 
     </span>
    </p>
   </div>
   <div class='ocr_carea' id='block_1_2' title="bbox 26 386 36 477">
    <p class='ocr_par' dir='ltr' id='par_1_2' title="bbox 26 386 36 477">
     <span class='ocr_line' id='line_1_2' title="bbox 26 386 36 477; baseline 0 0"><span class='ocrx_word' id='word_1_2' title='bbox 26 386 36 477; x_wconf 70' lang='lat' dir='ltr'>l</span> 
     </span>
    </p>
   </div>
   <div class='ocr_carea' id='block_1_3' title="bbox 29 2181 33 2292">
    <p class='ocr_par' dir='ltr' id='par_1_3' title="bbox 29 2181 33 2292">
     <span class='ocr_line' id='line_1_3' title="bbox 29 2181 33 2292; baseline 0 0"><span class='ocrx_word' id='word_1_3' title='bbox 29 2181 33 2292; x_wconf 72' lang='grc'>,</span> 
     </span>
    </p>
   </div>
   <div class='ocr_carea' id='block_1_4' title="bbox 286 297 1456 350">
    <p class='ocr_par' dir='ltr' id='par_1_4' title="bbox 286 297 1456 350">
     <span class='ocr_line' id='line_1_4' title="bbox 286 297 1456 350; baseline 0.004 -21"><span class='ocrx_word' id='word_1_4' title='bbox 286 298 460 330; x_wconf 79' lang='lat' dir='ltr'><strong>CONTRA</strong></span> <span class='ocrx_word' id='word_1_5' title='bbox 493 297 718 330; x_wconf 77' lang='lat' dir='ltr'><strong>JULIANUM</strong></span> <span class='ocrx_word' id='word_1_6' title='bbox 752 297 1058 339; x_wconf 66' lang='lat' dir='ltr'>PELAGIANUM,</span> <span class='ocrx_word' id='word_1_7' title='bbox 1096 300 1185 332; x_wconf 85' lang='lat' dir='ltr'><strong>LIB.</strong></span> <span class='ocrx_word' id='word_1_8' title='bbox 1225 302 1256 333; x_wconf 92' lang='lat'>1.</span> <span class='ocrx_word' id='word_1_9' title='bbox 1369 303 1456 350; x_wconf 75' lang='grc'>109</span> 
     </span>
    </p>
   </div>
   <div class='ocr_carea' id='block_1_5' title="bbox 29 364 1455 638">
    <p class='ocr_par' dir='ltr' id='par_1_5' title="bbox 85 364 1455 638">
     <span class='ocr_line' id='line_1_5' title="bbox 89 364 1455 429; baseline 0.004 -19"><span class='ocrx_word' id='word_1_10' title='bbox 89 364 199 429; x_wconf 86' lang='lat' dir='ltr'>quid</span> <span class='ocrx_word' id='word_1_11' title='bbox 223 365 376 411; x_wconf 90' lang='lat' dir='ltr'>sentias</span> <span class='ocrx_word' id='word_1_12' title='bbox 396 365 744 411; x_wconf 82' lang='lat' dir='ltr'>demonstravero</span> <span class='ocrx_word' id='word_1_13' title='bbox 760 402 770 419; x_wconf 92' lang='lat'>,</span> <span class='ocrx_word' id='word_1_14' title='bbox 791 365 1053 428; x_wconf 82' lang='lat' dir='ltr'>quaesiturus</span> <span class='ocrx_word' id='word_1_15' title='bbox 1073 376 1134 411; x_wconf 90' lang='lat' dir='ltr'>est</span> <span class='ocrx_word' id='word_1_16' title='bbox 1157 377 1199 412; x_wconf 87' lang='lat' dir='ltr'>et</span> <span class='ocrx_word' id='word_1_17' title='bbox 1225 377 1355 415; x_wconf 89' lang='lat' dir='ltr'>tuam.</span> <span class='ocrx_word' id='word_1_18' title='bbox 1379 371 1455 415; x_wconf 84' lang='lat' dir='ltr'>Di-</span> 
     </span>
     <span class='ocr_line' id='line_1_6' title="bbox 89 434 1454 499; baseline 0.002 -19"><span class='ocrx_word' id='word_1_19' title='bbox 89 435 149 480; x_wconf 85' lang='lat' dir='ltr'>cit</span> <span class='ocrx_word' id='word_1_20' title='bbox 167 436 281 480; x_wconf 88' lang='lat' dir='ltr'>enim</span> <span class='ocrx_word' id='word_1_21' title='bbox 304 452 473 481; x_wconf 89' lang='lat' dir='ltr'>sensum</span> <span class='ocrx_word' id='word_1_22' title='bbox 493 452 578 480; x_wconf 90' lang='lat' dir='ltr'>esse</span> <span class='ocrx_word' id='word_1_23' title='bbox 601 435 898 480; x_wconf 84' lang='lat' dir='ltr'>Manichaeum</span> <span class='ocrx_word' id='word_1_24' title='bbox 916 472 927 491; x_wconf 93' lang='lat'>,</span> <span class='ocrx_word' id='word_1_25' title='bbox 950 434 1123 481; x_wconf 84' lang='lat' dir='ltr'>credere</span> <span class='ocrx_word' id='word_1_26' title='bbox 1146 437 1351 499; x_wconf 87' lang='lat' dir='ltr'>parvulos</span> <span class='ocrx_word' id='word_1_27' title='bbox 1381 439 1454 483; x_wconf 89' lang='lat' dir='ltr'>in-</span> 
     </span>
     <span class='ocr_line' id='line_1_7' title="bbox 29 503 1455 564; baseline 0.003 -15.173"><span class='ocrx_word' id='word_1_28' title='bbox 29 503 279 564; x_wconf 85' lang='lat' dir='ltr'>·digentes</span> <span class='ocrx_word' id='word_1_29' title='bbox 293 521 380 550; x_wconf 83' lang='lat' dir='ltr'>esse</span> <span class='ocrx_word' id='word_1_30' title='bbox 400 504 565 551; x_wconf 79' lang='lat' dir='ltr'>Christi</span> <span class='ocrx_word' id='word_1_31' title='bbox 584 503 827 549; x_wconf 79' lang='lat' dir='ltr'><strong>liberatoris</strong></span> <span class='ocrx_word' id='word_1_32' title='bbox 845 504 1001 550; x_wconf 84' lang='lat' dir='ltr'>auxilio</span> <span class='ocrx_word' id='word_1_33' title='bbox 1018 542 1029 560; x_wconf 86' lang='lat'>,</span> <span class='ocrx_word' id='word_1_34' title='bbox 1064 516 1113 551; x_wconf 90' lang='lat' dir='ltr'>ut</span> <span class='ocrx_word' id='word_1_35' title='bbox 1134 524 1156 551; x_wconf 90' lang='lat' dir='ltr'>a</span> <span class='ocrx_word' id='word_1_36' title='bbox 1179 506 1455 552; x_wconf 80' lang='lat' dir='ltr'>damnatione</span> 
     </span>
     <span class='ocr_line' id='line_1_8' title="bbox 85 574 1448 638; baseline 0.002 -18"><span class='ocrx_word' id='word_1_37' title='bbox 85 574 351 631; x_wconf 82' lang='lat' dir='ltr'>liberentur,</span> <span class='ocrx_word' id='word_1_38' title='bbox 378 591 464 638; x_wconf 87' lang='lat' dir='ltr'>qua</span> <span class='ocrx_word' id='word_1_39' title='bbox 489 591 535 620; x_wconf 86' lang='lat' dir='ltr'>ex</span> <span class='ocrx_word' id='word_1_40' title='bbox 557 585 738 637; x_wconf 85' lang='lat' dir='ltr'>peccato</span> <span class='ocrx_word' id='word_1_41' title='bbox 762 574 897 637; x_wconf 92' lang='lat' dir='ltr'>primi</span> <span class='ocrx_word' id='word_1_42' title='bbox 920 574 1110 620; x_wconf 91' lang='lat' dir='ltr'>hominis</span> <span class='ocrx_word' id='word_1_43' title='bbox 1136 576 1317 636; x_wconf 82' lang='lat' dir='ltr'>obligati</span> <span class='ocrx_word' id='word_1_44' title='bbox 1334 587 1448 624; x_wconf 89' lang='lat' dir='ltr'>sunt.</span> 
     </span>
    </p>
   </div>
   <div class='ocr_carea' id='block_1_6' title="bbox 26 644 1455 842">
    <p class='ocr_par' dir='ltr' id='par_1_6' title="bbox 26 644 1455 842">
     <span class='ocr_line' id='line_1_9' title="bbox 26 644 1455 709; baseline 0.003 -22"><span class='ocrx_word' id='word_1_45' title='bbox 26 681 33 687; x_wconf 76' lang='grc'><strong><em>,</em></strong></span> <span class='ocrx_word' id='word_1_46' title='bbox 87 645 150 690; x_wconf 92' lang='lat' dir='ltr'>Ac</span> <span class='ocrx_word' id='word_1_47' title='bbox 172 661 251 706; x_wconf 91' lang='lat' dir='ltr'>per</span> <span class='ocrx_word' id='word_1_48' title='bbox 277 644 365 689; x_wconf 90' lang='lat' dir='ltr'>hoc</span> <span class='ocrx_word' id='word_1_49' title='bbox 396 661 494 689; x_wconf 89' lang='lat' dir='ltr'>cum</span> <span class='ocrx_word' id='word_1_50' title='bbox 521 654 561 690; x_wconf 88' lang='lat' dir='ltr'>te</span> <span class='ocrx_word' id='word_1_51' title='bbox 583 644 670 690; x_wconf 90' lang='lat' dir='ltr'>hoc</span> <span class='ocrx_word' id='word_1_52' title='bbox 700 645 854 689; x_wconf 89' lang='lat' dir='ltr'>sentire</span> <span class='ocrx_word' id='word_1_53' title='bbox 877 645 1158 704; x_wconf 84' lang='lat' dir='ltr'>cognoverit,</span> <span class='ocrx_word' id='word_1_54' title='bbox 1197 657 1271 691; x_wconf 89' lang='lat' dir='ltr'>aut</span> <span class='ocrx_word' id='word_1_55' title='bbox 1299 646 1389 709; x_wconf 89' lang='lat' dir='ltr'>ipse</span> <span class='ocrx_word' id='word_1_56' title='bbox 1413 664 1455 692; x_wconf 88' lang='lat' dir='ltr'>se</span> 
     </span>
     <span class='ocr_line' id='line_1_10' title="bbox 28 713 1452 775; baseline 0.002 -17"><span class='ocrx_word' id='word_1_57' title='bbox 28 745 29 749; x_wconf 67' lang='lat'>,</span> <span class='ocrx_word' id='word_1_58' title='bbox 84 714 273 773; x_wconf 83' lang='lat' dir='ltr'>corriget</span> <span class='ocrx_word' id='word_1_59' title='bbox 295 714 352 759; x_wconf 85' lang='lat' dir='ltr'>ab</span> <span class='ocrx_word' id='word_1_60' title='bbox 387 731 529 759; x_wconf 89' lang='lat' dir='ltr'>errore</span> <span class='ocrx_word' id='word_1_61' title='bbox 552 713 739 773; x_wconf 81' lang='lat' dir='ltr'>Pelagii,</span> <span class='ocrx_word' id='word_1_62' title='bbox 779 724 854 759; x_wconf 87' lang='lat' dir='ltr'>aut</span> <span class='ocrx_word' id='word_1_63' title='bbox 876 724 918 759; x_wconf 87' lang='lat' dir='ltr'>et</span> <span class='ocrx_word' id='word_1_64' title='bbox 952 713 1035 759; x_wconf 87' lang='lat' dir='ltr'>tibi</span> <span class='ocrx_word' id='word_1_65' title='bbox 1077 715 1241 761; x_wconf 90' lang='lat' dir='ltr'>crimen</span> <span class='ocrx_word' id='word_1_66' title='bbox 1275 716 1452 775; x_wconf 82' lang='lat' dir='ltr'>objiciet</span> 
     </span>
     <span class='ocr_line' id='line_1_11' title="bbox 26 782 1454 842; baseline 0.001 -13"><span class='ocrx_word' id='word_1_67' title='bbox 26 802 33 834; x_wconf 49' lang='grc' dir='ltr'>Α</span> <span class='ocrx_word' id='word_1_68' title='bbox 85 784 335 831; x_wconf 85' lang='lat' dir='ltr'>Manichaei.</span> <span class='ocrx_word' id='word_1_69' title='bbox 363 783 448 829; x_wconf 86' lang='lat' dir='ltr'>Sed</span> <span class='ocrx_word' id='word_1_70' title='bbox 472 794 520 829; x_wconf 92' lang='lat' dir='ltr'>ut</span> <span class='ocrx_word' id='word_1_71' title='bbox 543 782 812 829; x_wconf 90' lang='lat' dir='ltr'>conferamus</span> <span class='ocrx_word' id='word_1_72' title='bbox 833 784 871 829; x_wconf 90' lang='lat' dir='ltr'>ei</span> <span class='ocrx_word' id='word_1_73' title='bbox 888 800 1039 830; x_wconf 88' lang='lat' dir='ltr'>verum</span> <span class='ocrx_word' id='word_1_74' title='bbox 1063 785 1349 842; x_wconf 89' lang='lat' dir='ltr'>beneficium,</span> <span class='ocrx_word' id='word_1_75' title='bbox 1375 785 1454 831; x_wconf 83' lang='lat' dir='ltr'>fal-</span> 
     </span>
    </p>
   </div>
   <div class='ocr_carea' id='block_1_7' title="bbox 26 840 950 917">
    <p class='ocr_par' dir='ltr' id='par_1_7' title="bbox 26 840 950 917">
     <span class='ocr_line' id='line_1_12' title="bbox 26 840 950 917; baseline 0.001 -19"><span class='ocrx_word' id='word_1_76' title='bbox 26 840 29 911; x_wconf 38' lang='lat' dir='ltr'>s</span> <span class='ocrx_word' id='word_1_77' title='bbox 82 869 177 899; x_wconf 87' lang='lat' dir='ltr'>sum</span> <span class='ocrx_word' id='word_1_78' title='bbox 198 858 288 913; x_wconf 82' lang='lat' dir='ltr'>ejus</span> <span class='ocrx_word' id='word_1_79' title='bbox 306 870 394 899; x_wconf 92' lang='lat' dir='ltr'>non</span> <span class='ocrx_word' id='word_1_80' title='bbox 417 871 616 899; x_wconf 89' lang='lat' dir='ltr'>curemus</span> <span class='ocrx_word' id='word_1_81' title='bbox 642 855 950 917; x_wconf 87' lang='lat' dir='ltr'>opprobrium.</span> 
     </span>
    </p>
   </div>
   <div class='ocr_carea' id='block_1_8' title="bbox 83 922 1452 986">
    <p class='ocr_par' dir='ltr' id='par_1_8' title="bbox 83 922 1452 986">
     <span class='ocr_line' id='line_1_13' title="bbox 83 922 1452 986; baseline 0.001 -18"><span class='ocrx_word' id='word_1_82' title='bbox 83 946 95 975; x_wconf 59' lang='grc' dir='ltr'>,ι</span> <span class='ocrx_word' id='word_1_83' title='bbox 148 924 309 971; x_wconf 85' lang='lat' dir='ltr'><strong>XXIV.</strong></span> <span class='ocrx_word' id='word_1_84' title='bbox 353 924 469 969; x_wconf 91' lang='lat' dir='ltr'>Audi</span> <span class='ocrx_word' id='word_1_85' title='bbox 493 926 578 983; x_wconf 76' lang='lat' dir='ltr'>jam</span> <span class='ocrx_word' id='word_1_86' title='bbox 599 961 610 979; x_wconf 96' lang='lat'>,</span> <span class='ocrx_word' id='word_1_87' title='bbox 633 923 804 969; x_wconf 87' lang='lat' dir='ltr'>Juliane</span> <span class='ocrx_word' id='word_1_88' title='bbox 826 960 836 979; x_wconf 90' lang='lat'>,</span> <span class='ocrx_word' id='word_1_89' title='bbox 860 923 969 986; x_wconf 89' lang='lat' dir='ltr'>quid</span> <span class='ocrx_word' id='word_1_90' title='bbox 994 922 1120 969; x_wconf 88' lang='lat' dir='ltr'>etiam</span> <span class='ocrx_word' id='word_1_91' title='bbox 1140 925 1327 970; x_wconf 88' lang='lat' dir='ltr'>Joannes</span> <span class='ocrx_word' id='word_1_92' title='bbox 1352 940 1452 970; x_wconf 90' lang='lat' dir='ltr'>cum</span> 
     </span>
    </p>
   </div>
   <div class='ocr_carea' id='block_1_9' title="bbox 28 992 1452 1055">
    <p class='ocr_par' dir='ltr' id='par_1_9' title="bbox 28 992 1452 1055">
     <span class='ocr_line' id='line_1_14' title="bbox 28 992 1452 1055; baseline -0.001 -16"><span class='ocrx_word' id='word_1_93' title='bbox 28 1045 29 1049; x_wconf 11' lang='grc' dir='ltr'><strong>Ἰ</strong></span> <span class='ocrx_word' id='word_1_94' title='bbox 80 1004 246 1039; x_wconf 79' lang='lat' dir='ltr'>caeterls</span> <span class='ocrx_word' id='word_1_95' title='bbox 267 993 494 1038; x_wconf 84' lang='lat' dir='ltr'>catholicis</span> <span class='ocrx_word' id='word_1_96' title='bbox 517 993 774 1038; x_wconf 84' lang='lat' dir='ltr'>doctoribus</span> <span class='ocrx_word' id='word_1_97' title='bbox 796 993 927 1039; x_wconf 89' lang='lat' dir='ltr'>dicat.</span> <span class='ocrx_word' id='word_1_98' title='bbox 958 992 1027 1039; x_wconf 86' lang='lat' dir='ltr'>Ad</span> <span class='ocrx_word' id='word_1_99' title='bbox 1063 992 1320 1055; x_wconf 77' lang='lat' dir='ltr'>Olympiam</span> <span class='ocrx_word' id='word_1_100' title='bbox 1343 994 1452 1038; x_wconf 87' lang='lat' dir='ltr'>scri-</span> 
     </span>
    </p>
   </div>
   <div class='ocr_carea' id='block_1_10' title="bbox 78 1062 1450 1125">
    <p class='ocr_par' dir='ltr' id='par_1_10' title="bbox 78 1062 1450 1125">
     <span class='ocr_line' id='line_1_15' title="bbox 78 1062 1450 1125; baseline -0.001 -17"><span class='ocrx_word' id='word_1_101' title='bbox 78 1063 183 1109; x_wconf 87' lang='lat' dir='ltr'>bens</span> <span class='ocrx_word' id='word_1_102' title='bbox 218 1080 230 1107; x_wconf 88' lang='lat'><strong>:</strong></span> <span class='ocrx_word' id='word_1_103' title='bbox 269 1062 498 1118; x_wconf 82' lang='lat' dir='ltr'>«Quando</span> <span class='ocrx_word' id='word_1_104' title='bbox 530 1063 644 1107; x_wconf 89' lang='lat' dir='ltr'>enim</span> <span class='ocrx_word' id='word_1_105' title='bbox 682 1062 823 1107; x_wconf 90' lang='lat' dir='ltr'>Adam</span> <span class='ocrx_word' id='word_1_106' title='bbox 858 1063 1085 1124; x_wconf 86' lang='lat' dir='ltr'>peccavit,</span> <span class='ocrx_word' id='word_1_107' title='bbox 1129 1062 1295 1125; x_wconf 87' lang='lat' dir='ltr'>inquit,</span> <span class='ocrx_word' id='word_1_108' title='bbox 1340 1062 1450 1107; x_wconf 85' lang='lat' dir='ltr'>illud</span> 
     </span>
    </p>
   </div>
   <div class='ocr_carea' id='block_1_11' title="bbox 22 1115 1450 1546">
    <p class='ocr_par' dir='ltr' id='par_1_11' title="bbox 22 1115 1450 1546">
     <span class='ocr_line' id='line_1_16' title="bbox 24 1115 1450 1197; baseline -0.001 -18"><span class='ocrx_word' id='word_1_109' title='bbox 24 1115 33 1197; x_wconf 37' lang='lat' dir='ltr'>J.</span> <span class='ocrx_word' id='word_1_110' title='bbox 78 1133 239 1194; x_wconf 87' lang='lat' dir='ltr'>grande</span> <span class='ocrx_word' id='word_1_111' title='bbox 262 1143 491 1196; x_wconf 90' lang='lat' dir='ltr'>peccatum</span> <span class='ocrx_word' id='word_1_112' title='bbox 511 1169 521 1187; x_wconf 97' lang='lat'>,</span> <span class='ocrx_word' id='word_1_113' title='bbox 545 1143 586 1177; x_wconf 88' lang='lat' dir='ltr'>et</span> <span class='ocrx_word' id='word_1_114' title='bbox 609 1149 735 1178; x_wconf 90' lang='lat' dir='ltr'>omne</span> <span class='ocrx_word' id='word_1_115' title='bbox 754 1149 887 1192; x_wconf 87' lang='lat' dir='ltr'>genus</span> <span class='ocrx_word' id='word_1_116' title='bbox 906 1133 1137 1178; x_wconf 88' lang='lat' dir='ltr'>hominum</span> <span class='ocrx_word' id='word_1_117' title='bbox 1155 1132 1201 1177; x_wconf 88' lang='lat' dir='ltr'>in</span> <span class='ocrx_word' id='word_1_118' title='bbox 1218 1149 1450 1178; x_wconf 90' lang='lat' dir='ltr'>commune</span> 
     </span>
     <span class='ocr_line' id='line_1_17' title="bbox 22 1201 1448 1265; baseline -0.001 -17"><span class='ocrx_word' id='word_1_119' title='bbox 22 1250 28 1265; x_wconf 39' lang='grc' dir='ltr'><strong><em>Ι</em></strong></span> <span class='ocrx_word' id='word_1_120' title='bbox 78 1203 323 1259; x_wconf 85' lang='lat' dir='ltr'>damnavit,</span> <span class='ocrx_word' id='word_1_121' title='bbox 351 1202 404 1248; x_wconf 90' lang='lat' dir='ltr'>de</span> <span class='ocrx_word' id='word_1_122' title='bbox 423 1219 609 1248; x_wconf 87' lang='lat' dir='ltr'>moerore</span> <span class='ocrx_word' id='word_1_123' title='bbox 632 1218 786 1265; x_wconf 89' lang='lat' dir='ltr'>poenas</span> <span class='ocrx_word' id='word_1_124' title='bbox 808 1202 973 1249; x_wconf 90' lang='lat' dir='ltr'>luebat.</span> <span class='ocrx_word' id='word_1_125' title='bbox 999 1224 1019 1244; x_wconf 65' lang='lat'>&gt;³</span> <span class='ocrx_word' id='word_1_126' title='bbox 1044 1203 1154 1247; x_wconf 87' lang='lat' dir='ltr'>Item</span> <span class='ocrx_word' id='word_1_127' title='bbox 1178 1201 1231 1247; x_wconf 89' lang='lat' dir='ltr'>de</span> <span class='ocrx_word' id='word_1_128' title='bbox 1260 1203 1448 1247; x_wconf 89' lang='lat' dir='ltr'>resusci-</span> 
     </span>
     <span class='ocr_line' id='line_1_18' title="bbox 24 1271 1448 1335; baseline -0.001 -17"><span class='ocrx_word' id='word_1_129' title='bbox 24 1302 26 1305; x_wconf 95' lang='lat'>-</span> <span class='ocrx_word' id='word_1_130' title='bbox 77 1273 240 1318; x_wconf 89' lang='lat' dir='ltr'>tatione</span> <span class='ocrx_word' id='word_1_131' title='bbox 258 1271 451 1318; x_wconf 73' lang='lat' dir='ltr'>Lazari‘l.</span> <span class='ocrx_word' id='word_1_132' title='bbox 477 1293 497 1313; x_wconf 89' lang='lat'>«</span> <span class='ocrx_word' id='word_1_133' title='bbox 519 1272 671 1317; x_wconf 81' lang='lat' dir='ltr'>Flebat</span> <span class='ocrx_word' id='word_1_134' title='bbox 693 1272 895 1318; x_wconf 81' lang='lat' dir='ltr'>Christus</span> <span class='ocrx_word' id='word_1_135' title='bbox 917 1309 927 1328; x_wconf 94' lang='lat'>,</span> <span class='ocrx_word' id='word_1_136' title='bbox 949 1272 1092 1335; x_wconf 88' lang='lat' dir='ltr'>inquit</span> <span class='ocrx_word' id='word_1_137' title='bbox 1112 1309 1122 1327; x_wconf 89' lang='lat'>‚</span> <span class='ocrx_word' id='word_1_138' title='bbox 1143 1289 1222 1317; x_wconf 92' lang='lat' dir='ltr'>cur</span> <span class='ocrx_word' id='word_1_139' title='bbox 1239 1288 1373 1335; x_wconf 88' lang='lat' dir='ltr'>usque</span> <span class='ocrx_word' id='word_1_140' title='bbox 1393 1271 1448 1317; x_wconf 88' lang='lat' dir='ltr'>ad</span> 
     </span>
     <span class='ocr_line' id='line_1_19' title="bbox 75 1341 1446 1405; baseline -0.001 -17.073"><span class='ocrx_word' id='word_1_141' title='bbox 75 1343 162 1388; x_wconf 90' lang='lat' dir='ltr'>hoc</span> <span class='ocrx_word' id='word_1_142' title='bbox 179 1342 415 1388; x_wconf 82' lang='lat' dir='ltr'>mortalitas</span> <span class='ocrx_word' id='word_1_143' title='bbox 438 1341 709 1405; x_wconf 88' lang='lat' dir='ltr'>deliquisset,</span> <span class='ocrx_word' id='word_1_144' title='bbox 746 1353 793 1387; x_wconf 91' lang='lat' dir='ltr'>ut</span> <span class='ocrx_word' id='word_1_145' title='bbox 817 1359 989 1388; x_wconf 86' lang='lat' dir='ltr'>excussa</span> <span class='ocrx_word' id='word_1_146' title='bbox 1015 1342 1068 1387; x_wconf 91' lang='lat' dir='ltr'>de</span> <span class='ocrx_word' id='word_1_147' title='bbox 1100 1342 1446 1404; x_wconf 83' lang='lat' dir='ltr'>perennitatibus</span> 
     </span>
     <span class='ocr_line' id='line_1_20' title="bbox 23 1412 1446 1476; baseline -0.001 -17"><span class='ocrx_word' id='word_1_148' title='bbox 23 1413 27 1471; x_wconf 45' lang='grc' dir='ltr'>ζ</span> <span class='ocrx_word' id='word_1_149' title='bbox 74 1413 232 1459; x_wconf 88' lang='lat' dir='ltr'>inferos</span> <span class='ocrx_word' id='word_1_150' title='bbox 256 1414 488 1459; x_wconf 86' lang='lat' dir='ltr'>adamaret.</span> <span class='ocrx_word' id='word_1_151' title='bbox 521 1413 672 1458; x_wconf 84' lang='lat' dir='ltr'>Flebat</span> <span class='ocrx_word' id='word_1_152' title='bbox 696 1413 895 1458; x_wconf 82' lang='lat' dir='ltr'>Christus</span> <span class='ocrx_word' id='word_1_153' title='bbox 911 1450 921 1469; x_wconf 90' lang='lat'>,</span> <span class='ocrx_word' id='word_1_154' title='bbox 948 1413 1068 1476; x_wconf 84' lang='lat' dir='ltr'>quod</span> <span class='ocrx_word' id='word_1_155' title='bbox 1087 1430 1157 1458; x_wconf 92' lang='lat' dir='ltr'>eos</span> <span class='ocrx_word' id='word_1_156' title='bbox 1177 1414 1252 1475; x_wconf 89' lang='lat' dir='ltr'>qui</span> <span class='ocrx_word' id='word_1_157' title='bbox 1268 1412 1446 1457; x_wconf 77' lang='lat' dir='ltr'>inimor-</span> 
     </span>
     <span class='ocr_line' id='line_1_21' title="bbox 23 1481 1444 1546; baseline -0.001 -19"><span class='ocrx_word' id='word_1_158' title='bbox 23 1491 25 1539; x_wconf 77' lang='lat' dir='ltr'>j</span> <span class='ocrx_word' id='word_1_159' title='bbox 75 1482 177 1528; x_wconf 87' lang='lat' dir='ltr'>tales</span> <span class='ocrx_word' id='word_1_160' title='bbox 193 1500 278 1528; x_wconf 89' lang='lat' dir='ltr'>esse</span> <span class='ocrx_word' id='word_1_161' title='bbox 296 1494 499 1546; x_wconf 87' lang='lat' dir='ltr'>poterant</span> <span class='ocrx_word' id='word_1_162' title='bbox 516 1520 526 1538; x_wconf 94' lang='lat'>,</span> <span class='ocrx_word' id='word_1_163' title='bbox 551 1483 750 1528; x_wconf 87' lang='lat' dir='ltr'>diabolus</span> <span class='ocrx_word' id='word_1_164' title='bbox 780 1482 882 1528; x_wconf 87' lang='lat' dir='ltr'>fecit</span> <span class='ocrx_word' id='word_1_165' title='bbox 900 1499 986 1528; x_wconf 90' lang='lat' dir='ltr'>esse</span> <span class='ocrx_word' id='word_1_166' title='bbox 1005 1482 1204 1528; x_wconf 77' lang='lat' dir='ltr'>mortales</span> <span class='ocrx_word' id='word_1_167' title='bbox 1217 1482 1250 1528; x_wconf 70' lang='lat'>¹1.</span> <span class='ocrx_word' id='word_1_168' title='bbox 1276 1503 1295 1522; x_wconf 82' lang='lat'>›&gt;</span> <span class='ocrx_word' id='word_1_169' title='bbox 1324 1481 1444 1538; x_wconf 87' lang='lat' dir='ltr'>Quid</span> 
     </span>
    </p>
   </div>
   <div class='ocr_carea' id='block_1_12' title="bbox 74 1551 1442 1616">
    <p class='ocr_par' dir='ltr' id='par_1_12' title="bbox 74 1551 1442 1616">
     <span class='ocr_line' id='line_1_22' title="bbox 74 1551 1442 1616; baseline -0.001 -18"><span class='ocrx_word' id='word_1_170' title='bbox 74 1552 162 1598; x_wconf 90' lang='lat' dir='ltr'>dici</span> <span class='ocrx_word' id='word_1_171' title='bbox 186 1564 327 1615; x_wconf 90' lang='lat' dir='ltr'>posset</span> <span class='ocrx_word' id='word_1_172' title='bbox 346 1557 610 1616; x_wconf 62' lang='lat' dir='ltr'>expressius?</span> <span class='ocrx_word' id='word_1_173' title='bbox 632 1553 752 1609; x_wconf 89' lang='lat' dir='ltr'>Quid</span> <span class='ocrx_word' id='word_1_174' title='bbox 773 1553 827 1598; x_wconf 85' lang='lat' dir='ltr'>ad</span> <span class='ocrx_word' id='word_1_175' title='bbox 845 1553 925 1598; x_wconf 90' lang='lat' dir='ltr'>ista</span> <span class='ocrx_word' id='word_1_176' title='bbox 944 1552 1210 1615; x_wconf 64' lang='lat' dir='ltr'>respondes?</span> <span class='ocrx_word' id='word_1_177' title='bbox 1237 1552 1280 1596; x_wconf 85' lang='lat' dir='ltr'>Si</span> <span class='ocrx_word' id='word_1_178' title='bbox 1304 1551 1442 1597; x_wconf 87' lang='lat' dir='ltr'>Adam</span> 
     </span>
    </p>
   </div>
   <div class='ocr_carea' id='block_1_13' title="bbox 31 1623 1443 1686">
    <p class='ocr_par' dir='ltr' id='par_1_13' title="bbox 31 1623 1443 1686">
     <span class='ocr_line' id='line_1_23' title="bbox 31 1623 1443 1686; baseline -0.002 -17"><span class='ocrx_word' id='word_1_179' title='bbox 31 1630 35 1644; x_wconf 82' lang='grc'>·’</span> <span class='ocrx_word' id='word_1_180' title='bbox 72 1623 226 1683; x_wconf 84' lang='lat' dir='ltr'>grandi</span> <span class='ocrx_word' id='word_1_181' title='bbox 250 1634 430 1686; x_wconf 89' lang='lat' dir='ltr'>peccato</span> <span class='ocrx_word' id='word_1_182' title='bbox 455 1640 532 1669; x_wconf 89' lang='lat' dir='ltr'>suo</span> <span class='ocrx_word' id='word_1_183' title='bbox 557 1641 684 1669; x_wconf 86' lang='lat' dir='ltr'>omne</span> <span class='ocrx_word' id='word_1_184' title='bbox 708 1641 840 1682; x_wconf 84' lang='lat' dir='ltr'>genus</span> <span class='ocrx_word' id='word_1_185' title='bbox 861 1623 1103 1668; x_wconf 90' lang='lat' dir='ltr'>humanum</span> <span class='ocrx_word' id='word_1_186' title='bbox 1135 1623 1179 1667; x_wconf 87' lang='lat' dir='ltr'>in</span> <span class='ocrx_word' id='word_1_187' title='bbox 1212 1639 1443 1667; x_wconf 87' lang='lat' dir='ltr'>commune</span> 
     </span>
    </p>
   </div>
   <div class='ocr_carea' id='block_1_14' title="bbox 67 1691 1444 2661">
    <p class='ocr_par' dir='ltr' id='par_1_14' title="bbox 70 1691 1443 2458">
     <span class='ocr_line' id='line_1_24' title="bbox 73 1691 1440 1756; baseline -0.001 -17"><span class='ocrx_word' id='word_1_188' title='bbox 73 1692 319 1750; x_wconf 78' lang='lat' dir='ltr'>damnavit,</span> <span class='ocrx_word' id='word_1_189' title='bbox 357 1694 575 1756; x_wconf 89' lang='lat' dir='ltr'>numquid</span> <span class='ocrx_word' id='word_1_190' title='bbox 604 1694 685 1738; x_wconf 89' lang='lat' dir='ltr'>nisi</span> <span class='ocrx_word' id='word_1_191' title='bbox 720 1693 948 1739; x_wconf 86' lang='lat' dir='ltr'>damnatus</span> <span class='ocrx_word' id='word_1_192' title='bbox 978 1691 1189 1755; x_wconf 87' lang='lat' dir='ltr'>parvulus</span> <span class='ocrx_word' id='word_1_193' title='bbox 1217 1692 1440 1737; x_wconf 61' lang='lat' dir='ltr'>nascitur?</span> 
     </span>
     <span class='ocr_line' id='line_1_25' title="bbox 72 1761 1442 1826; baseline -0.001 -18"><span class='ocrx_word' id='word_1_194' title='bbox 72 1763 129 1808; x_wconf 89' lang='lat' dir='ltr'>Et</span> <span class='ocrx_word' id='word_1_195' title='bbox 159 1781 239 1826; x_wconf 87' lang='lat' dir='ltr'>per</span> <span class='ocrx_word' id='word_1_196' title='bbox 267 1780 422 1826; x_wconf 90' lang='lat' dir='ltr'>quem,</span> <span class='ocrx_word' id='word_1_197' title='bbox 460 1765 542 1808; x_wconf 90' lang='lat' dir='ltr'>nisi</span> <span class='ocrx_word' id='word_1_198' title='bbox 569 1781 646 1826; x_wconf 87' lang='lat' dir='ltr'>per</span> <span class='ocrx_word' id='word_1_199' title='bbox 673 1764 899 1809; x_wconf 87' lang='lat' dir='ltr'>Christum</span> <span class='ocrx_word' id='word_1_200' title='bbox 917 1800 927 1819; x_wconf 97' lang='lat'>,</span> <span class='ocrx_word' id='word_1_201' title='bbox 966 1763 1022 1807; x_wconf 88' lang='lat' dir='ltr'>ab</span> <span class='ocrx_word' id='word_1_202' title='bbox 1054 1763 1135 1807; x_wconf 87' lang='lat' dir='ltr'>ista</span> <span class='ocrx_word' id='word_1_203' title='bbox 1166 1761 1442 1807; x_wconf 87' lang='lat' dir='ltr'>damnatione</span> 
     </span>
     <span class='ocr_line' id='line_1_26' title="bbox 70 1832 1442 1895; baseline -0.001 -17"><span class='ocrx_word' id='word_1_204' title='bbox 70 1832 310 1880; x_wconf 67' lang='lat' dir='ltr'>liberatur?</span> <span class='ocrx_word' id='word_1_205' title='bbox 337 1834 383 1880; x_wconf 87' lang='lat' dir='ltr'>Si</span> <span class='ocrx_word' id='word_1_206' title='bbox 407 1845 449 1880; x_wconf 88' lang='lat' dir='ltr'>et</span> <span class='ocrx_word' id='word_1_207' title='bbox 472 1835 517 1879; x_wconf 90' lang='lat' dir='ltr'>in</span> <span class='ocrx_word' id='word_1_208' title='bbox 540 1836 702 1880; x_wconf 83' lang='lat' dir='ltr'>Lazaro</span> <span class='ocrx_word' id='word_1_209' title='bbox 729 1834 891 1880; x_wconf 84' lang='lat' dir='ltr'>dicitur</span> <span class='ocrx_word' id='word_1_210' title='bbox 916 1849 1089 1878; x_wconf 85' lang='lat' dir='ltr'>excussa</span> <span class='ocrx_word' id='word_1_211' title='bbox 1115 1832 1168 1877; x_wconf 88' lang='lat' dir='ltr'>de</span> <span class='ocrx_word' id='word_1_212' title='bbox 1192 1832 1442 1895; x_wconf 90' lang='lat' dir='ltr'>perennita-</span> 
     </span>
     <span class='ocr_line' id='line_1_27' title="bbox 72 1902 1443 1966; baseline -0.001 -19"><span class='ocrx_word' id='word_1_213' title='bbox 72 1902 189 1948; x_wconf 89' lang='lat' dir='ltr'>tibus</span> <span class='ocrx_word' id='word_1_214' title='bbox 206 1903 444 1949; x_wconf 87' lang='lat' dir='ltr'>mortalitas</span> <span class='ocrx_word' id='word_1_215' title='bbox 478 1904 635 1949; x_wconf 88' lang='lat' dir='ltr'>inferos</span> <span class='ocrx_word' id='word_1_216' title='bbox 664 1904 914 1949; x_wconf 75' lang='lat' dir='ltr'>adatmasse</span> <span class='ocrx_word' id='word_1_217' title='bbox 945 1903 1043 1966; x_wconf 89' lang='lat' dir='ltr'>quis</span> <span class='ocrx_word' id='word_1_218' title='bbox 1074 1902 1324 1947; x_wconf 87' lang='lat' dir='ltr'>mortalium</span> <span class='ocrx_word' id='word_1_219' title='bbox 1354 1918 1443 1947; x_wconf 89' lang='lat' dir='ltr'>non</span> 
     </span>
     <span class='ocr_line' id='line_1_28' title="bbox 73 1972 1434 2052; baseline -0.001 -34"><span class='ocrx_word' id='word_1_220' title='bbox 73 1972 128 2019; x_wconf 91' lang='lat' dir='ltr'>ad</span> <span class='ocrx_word' id='word_1_221' title='bbox 150 1974 276 2019; x_wconf 88' lang='lat' dir='ltr'>istam</span> <span class='ocrx_word' id='word_1_222' title='bbox 298 1974 474 2052; x_wconf 80' lang='lat' dir='ltr'>culpam</span> <span class='ocrx_word' id='word_1_223' title='bbox 499 1992 735 2052; x_wconf 87' lang='lat' dir='ltr'>casumque</span> <span class='ocrx_word' id='word_1_224' title='bbox 759 1974 1000 2037; x_wconf 81' lang='lat' dir='ltr'>pertineat,</span> <span class='ocrx_word' id='word_1_225' title='bbox 1036 1989 1124 2049; x_wconf 80' lang='lat' dir='ltr'>quo</span> <span class='ocrx_word' id='word_1_226' title='bbox 1157 1972 1314 2018; x_wconf 87' lang='lat' dir='ltr'>cecidit</span> <span class='ocrx_word' id='word_1_227' title='bbox 1344 1973 1434 2035; x_wconf 77' lang='lat' dir='ltr'>pii-</span> 
     </span>
     <span class='ocr_line' id='line_1_29' title="bbox 72 2042 1441 2108; baseline -0.001 -20"><span class='ocrx_word' id='word_1_228' title='bbox 72 2060 168 2089; x_wconf 91' lang='lat' dir='ltr'>mus</span> <span class='ocrx_word' id='word_1_229' title='bbox 187 2044 322 2089; x_wconf 89' lang='lat' dir='ltr'>homo</span> <span class='ocrx_word' id='word_1_230' title='bbox 341 2043 395 2089; x_wconf 88' lang='lat' dir='ltr'>de</span> <span class='ocrx_word' id='word_1_231' title='bbox 425 2045 526 2091; x_wconf 85' lang='lat' dir='ltr'>vitae</span> <span class='ocrx_word' id='word_1_232' title='bbox 556 2045 853 2108; x_wconf 80' lang='lat' dir='ltr'>perennitate,</span> <span class='ocrx_word' id='word_1_233' title='bbox 891 2060 1023 2107; x_wconf 88' lang='lat' dir='ltr'>quam</span> <span class='ocrx_word' id='word_1_234' title='bbox 1058 2042 1092 2087; x_wconf 93' lang='lat' dir='ltr'>si</span> <span class='ocrx_word' id='word_1_235' title='bbox 1125 2059 1213 2088; x_wconf 90' lang='lat' dir='ltr'>non</span> <span class='ocrx_word' id='word_1_236' title='bbox 1242 2053 1441 2105; x_wconf 89' lang='lat' dir='ltr'>peccaret</span> 
     </span>
     <span class='ocr_line' id='line_1_30' title="bbox 73 2112 1442 2177; baseline -0.001 -18"><span class='ocrx_word' id='word_1_237' title='bbox 73 2117 324 2176; x_wconf 72' lang='lat' dir='ltr'>acceperat?</span> <span class='ocrx_word' id='word_1_238' title='bbox 345 2114 391 2160; x_wconf 87' lang='lat' dir='ltr'>Si</span> <span class='ocrx_word' id='word_1_239' title='bbox 408 2114 609 2160; x_wconf 88' lang='lat' dir='ltr'>diabolus</span> <span class='ocrx_word' id='word_1_240' title='bbox 637 2132 784 2160; x_wconf 91' lang='lat' dir='ltr'>omnes</span> <span class='ocrx_word' id='word_1_241' title='bbox 812 2114 888 2177; x_wconf 92' lang='lat' dir='ltr'>qui</span> <span class='ocrx_word' id='word_1_242' title='bbox 920 2112 1183 2158; x_wconf 89' lang='lat' dir='ltr'>immortales</span> <span class='ocrx_word' id='word_1_243' title='bbox 1203 2129 1289 2157; x_wconf 91' lang='lat' dir='ltr'>esse</span> <span class='ocrx_word' id='word_1_244' title='bbox 1311 2123 1442 2175; x_wconf 89' lang='lat' dir='ltr'>pote-</span> 
     </span>
     <span class='ocr_line' id='line_1_31' title="bbox 71 2182 1439 2246; baseline -0.001 -17"><span class='ocrx_word' id='word_1_245' title='bbox 71 2194 197 2238; x_wconf 86' lang='lat' dir='ltr'>rant,</span> <span class='ocrx_word' id='word_1_246' title='bbox 219 2183 319 2229; x_wconf 84' lang='lat' dir='ltr'>fecit</span> <span class='ocrx_word' id='word_1_247' title='bbox 336 2201 421 2230; x_wconf 89' lang='lat' dir='ltr'>esse</span> <span class='ocrx_word' id='word_1_248' title='bbox 438 2185 638 2230; x_wconf 87' lang='lat' dir='ltr'>mortales</span> <span class='ocrx_word' id='word_1_249' title='bbox 659 2205 670 2238; x_wconf 93' lang='lat'>;</span> <span class='ocrx_word' id='word_1_250' title='bbox 698 2182 813 2230; x_wconf 84' lang='lat' dir='ltr'>unde</span> <span class='ocrx_word' id='word_1_251' title='bbox 833 2185 961 2229; x_wconf 87' lang='lat' dir='ltr'>etiam</span> <span class='ocrx_word' id='word_1_252' title='bbox 978 2182 1150 2246; x_wconf 86' lang='lat' dir='ltr'>parvuli</span> <span class='ocrx_word' id='word_1_253' title='bbox 1167 2184 1439 2239; x_wconf 88' lang='lat' dir='ltr'>moriuntur,</span> 
     </span>
     <span class='ocr_line' id='line_1_32' title="bbox 71 2253 1442 2318; baseline -0.002 -19"><span class='ocrx_word' id='word_1_254' title='bbox 71 2254 105 2299; x_wconf 91' lang='lat' dir='ltr'>si</span> <span class='ocrx_word' id='word_1_255' title='bbox 128 2254 303 2300; x_wconf 83' lang='lat' dir='ltr'>obnoxii</span> <span class='ocrx_word' id='word_1_256' title='bbox 326 2266 508 2318; x_wconf 87' lang='lat' dir='ltr'>peccato</span> <span class='ocrx_word' id='word_1_257' title='bbox 526 2255 658 2318; x_wconf 90' lang='lat' dir='ltr'>primi</span> <span class='ocrx_word' id='word_1_258' title='bbox 677 2254 793 2300; x_wconf 87' lang='lat' dir='ltr'>illius</span> <span class='ocrx_word' id='word_1_259' title='bbox 812 2253 1004 2299; x_wconf 88' lang='lat' dir='ltr'>hominis</span> <span class='ocrx_word' id='word_1_260' title='bbox 1034 2269 1123 2297; x_wconf 90' lang='lat' dir='ltr'>non</span> <span class='ocrx_word' id='word_1_261' title='bbox 1155 2254 1281 2297; x_wconf 70' lang='lat' dir='ltr'>sunt?</span> <span class='ocrx_word' id='word_1_262' title='bbox 1304 2253 1442 2297; x_wconf 90' lang='lat' dir='ltr'>Num-</span> 
     </span>
     <span class='ocr_line' id='line_1_33' title="bbox 71 2322 1438 2388; baseline -0.002 -18"><span class='ocrx_word' id='word_1_263' title='bbox 71 2325 179 2387; x_wconf 89' lang='lat' dir='ltr'>quid</span> <span class='ocrx_word' id='word_1_264' title='bbox 202 2342 329 2384; x_wconf 84' lang='lat' dir='ltr'>ergo,</span> <span class='ocrx_word' id='word_1_265' title='bbox 365 2326 447 2370; x_wconf 88' lang='lat' dir='ltr'>nisi</span> <span class='ocrx_word' id='word_1_266' title='bbox 472 2343 551 2388; x_wconf 89' lang='lat' dir='ltr'>per</span> <span class='ocrx_word' id='word_1_267' title='bbox 582 2343 679 2371; x_wconf 92' lang='lat' dir='ltr'>eum</span> <span class='ocrx_word' id='word_1_268' title='bbox 704 2325 746 2370; x_wconf 90' lang='lat' dir='ltr'>in</span> <span class='ocrx_word' id='word_1_269' title='bbox 774 2341 862 2387; x_wconf 89' lang='lat' dir='ltr'>quo</span> <span class='ocrx_word' id='word_1_270' title='bbox 892 2339 1038 2368; x_wconf 89' lang='lat' dir='ltr'>omnes</span> <span class='ocrx_word' id='word_1_271' title='bbox 1070 2322 1438 2379; x_wconf 81' lang='lat' dir='ltr'>vivificabuntur,</span> 
     </span>
     <span class='ocr_line' id='line_1_34' title="bbox 71 2395 1068 2458; baseline -0.002 -19"><span class='ocrx_word' id='word_1_272' title='bbox 71 2395 200 2440; x_wconf 84' lang='lat' dir='ltr'>etiam</span> <span class='ocrx_word' id='word_1_273' title='bbox 224 2395 399 2458; x_wconf 91' lang='lat' dir='ltr'>parvuli</span> <span class='ocrx_word' id='word_1_274' title='bbox 427 2395 480 2440; x_wconf 90' lang='lat' dir='ltr'>de</span> <span class='ocrx_word' id='word_1_275' title='bbox 503 2413 634 2455; x_wconf 80' lang='lat' dir='ltr'>regno</span> <span class='ocrx_word' id='word_1_276' title='bbox 654 2396 805 2441; x_wconf 88' lang='lat' dir='ltr'>mortis</span> <span class='ocrx_word' id='word_1_277' title='bbox 822 2396 1068 2439; x_wconf 70' lang='lat' dir='ltr'>eruuntur?</span> 
     </span>
    </p>

    <p class='ocr_par' dir='ltr' id='par_1_15' title="bbox 67 2463 1444 2600">
     <span class='ocr_line' id='line_1_35' title="bbox 137 2463 1444 2526; baseline -0.001 -16"><span class='ocrx_word' id='word_1_278' title='bbox 137 2466 275 2512; x_wconf 84' lang='lat' dir='ltr'>XXV.</span> <span class='ocrx_word' id='word_1_279' title='bbox 316 2466 494 2511; x_wconf 87' lang='lat' dir='ltr'>Tractat</span> <span class='ocrx_word' id='word_1_280' title='bbox 518 2466 633 2512; x_wconf 91' lang='lat' dir='ltr'>idem</span> <span class='ocrx_word' id='word_1_281' title='bbox 658 2467 683 2511; x_wconf 83' lang='lat' dir='ltr'><strong>J</strong></span> <span class='ocrx_word' id='word_1_282' title='bbox 688 2482 846 2512; x_wconf 86' lang='lat' dir='ltr'>oannes</span> <span class='ocrx_word' id='word_1_283' title='bbox 871 2465 916 2510; x_wconf 91' lang='lat' dir='ltr'>in</span> <span class='ocrx_word' id='word_1_284' title='bbox 935 2480 1127 2509; x_wconf 91' lang='lat' dir='ltr'>sermone</span> <span class='ocrx_word' id='word_1_285' title='bbox 1145 2463 1337 2526; x_wconf 88' lang='lat' dir='ltr'>quodam</span> <span class='ocrx_word' id='word_1_286' title='bbox 1355 2464 1444 2509; x_wconf 90' lang='lat' dir='ltr'>hu-</span> 
     </span>
     <span class='ocr_line' id='line_1_36' title="bbox 67 2532 1439 2600; baseline -0.002 -18"><span class='ocrx_word' id='word_1_287' title='bbox 67 2534 262 2595; x_wconf 87' lang='lat' dir='ltr'>jusmodi</span> <span class='ocrx_word' id='word_1_288' title='bbox 292 2537 602 2600; x_wconf 83' lang='lat' dir='ltr'>quaestionem,</span> <span class='ocrx_word' id='word_1_289' title='bbox 636 2553 715 2583; x_wconf 86' lang='lat' dir='ltr'>cur</span> <span class='ocrx_word' id='word_1_290' title='bbox 746 2535 896 2582; x_wconf 88' lang='lat' dir='ltr'>bestiae</span> <span class='ocrx_word' id='word_1_291' title='bbox 918 2533 988 2581; x_wconf 82' lang='lat' dir='ltr'>vel</span> <span class='ocrx_word' id='word_1_292' title='bbox 1020 2532 1187 2580; x_wconf 86' lang='lat' dir='ltr'>laedant</span> <span class='ocrx_word' id='word_1_293' title='bbox 1215 2533 1439 2591; x_wconf 84' lang='lat' dir='ltr'>homines,</span> 
     </span>
    </p>

    <p class='ocr_par' dir='ltr' id='par_1_16' title="bbox 124 2616 1052 2661">
     <span class='ocr_line' id='line_1_37' title="bbox 124 2616 1052 2661; baseline 0.002 -11"><span class='ocrx_word' id='word_1_294' title='bbox 124 2618 137 2642; x_wconf 76' lang='grc' dir='ltr'>Ι</span> <span class='ocrx_word' id='word_1_295' title='bbox 152 2617 275 2653; x_wconf 84' lang='lat' dir='ltr'>Homil.</span> <span class='ocrx_word' id='word_1_296' title='bbox 295 2618 336 2652; x_wconf 75' lang='lat' dir='ltr'>de</span> <span class='ocrx_word' id='word_1_297' title='bbox 353 2616 473 2652; x_wconf 79' lang='lat' dir='ltr'>Lazaro</span> <span class='ocrx_word' id='word_1_298' title='bbox 491 2619 691 2656; x_wconf 83' lang='lat' dir='ltr'>resuscitato.</span> <span class='ocrx_word' id='word_1_299' title='bbox 713 2637 759 2646; x_wconf 89' lang='lat'>-</span> <span class='ocrx_word' id='word_1_300' title='bbox 777 2618 794 2643; x_wconf 80' lang='lat'><em>2</em></span> <span class='ocrx_word' id='word_1_301' title='bbox 808 2621 906 2654; x_wconf 84' lang='lat' dir='ltr'>Joan.</span> <span class='ocrx_word' id='word_1_302' title='bbox 923 2628 973 2661; x_wconf 81' lang='lat' dir='ltr'>xx,</span> <span class='ocrx_word' id='word_1_303' title='bbox 994 2617 1052 2652; x_wconf 83' lang='lat'>35.</span> 
     </span>
    </p>
   </div>
  </div>
 </body>
</html>
