1843 3190
361 378 377 408 1
388 361 449 418 48
776 374 811 407 5.
851 371 1098 404 AUGUSTINI
1134 370 1337 403 Eriscori

352 454 498 488 tamen
533 458 610 504 per
633 455 806 485 crucem
842 437 1019 483 Domini
1059 436 1318 492 Salvatoris‚
1357 446 1446 480 tam
1490 433 1727 480 inimicitiis

353 531 486 578 quam
504 513 631 558 etiam
649 509 954 555 mandatorum
971 508 1061 568 lege
1081 508 1289 561 vacuatis,
1313 507 1357 551 in
1385 505 1604 551 societatis
1624 522 1728 551 con-

356 584 551 632 cordiam
578 589 889 640 congruerunt‚
917 588 1063 640 postea
1088 594 1218 639 quam
1244 577 1445 621 Christus
1462 593 1484 620 e
1507 576 1620 621 coelo
1646 592 1728 639 pax

353 666 500 702 nostra
524 650 785 697 descendens
811 647 912 693 fecit
936 658 1117 710 utraque
1143 663 1282 691 unum
1300 645 1333 691 ².
1363 666 1383 686 n
1407 646 1632 691 Rursusin
1650 663 1728 691 eo-

353 727 452 772 dem
477 738 623 785 opere‚
651 736 752 765 cum
775 718 827 763 de
851 717 1035 779 spiritali
1057 727 1182 779 atque
1212 714 1541 778 incorruptibili
1571 715 1728 778 loque-

352 807 472 842 retur
500 793 616 838 cibo.
644 812 663 831 n
695 789 865 834 Etenim
904 788 1014 831 ratio
1055 787 1179 831 cibus
1214 786 1366 829 inentis
1390 796 1474 838 est,
1520 786 1664 847 inquit
1687 786 1723 842 2,

351 888 372 907 «
397 862 699 921 Praeclaraque
738 857 943 902 alimonia
977 857 1197 901 suavitatis
1225 892 1235 908 ,
1276 872 1378 917 quac
1411 855 1606 900 membra
1641 873 1728 901 non

352 942 516 986 oneret>
533 927 731 990 nequein
754 937 921 970 naturae
944 924 1166 987 pudenda,
1188 923 1261 968 sed
1279 934 1530 969 ornamenta
1554 941 1730 971 conver-

349 1015 431 1058 tat,
459 1017 560 1047 cum
578 997 814 1043 libidinum
829 996 1110 1041 volutabrum
1128 1005 1423 1039 commutatur
1440 994 1485 1038 in
1514 994 1591 1039 Dei
1620 1005 1728 1040 tem-

348 1075 502 1137 plum,
548 1067 917 1127 diversoriumque
944 1066 1149 1110 vitiorum
1194 1064 1430 1109 sacrarium
1464 1064 1621 1126 incipit
1644 1083 1729 1111 esse

352 1144 581 1190 virtutum.
608 1135 738 1194 Quod
766 1135 916 1197 utique
945 1145 1046 1179 tunc
1065 1133 1195 1189 facit,
1220 1149 1320 1178 cum
1343 1150 1443 1178 caro
1462 1133 1508 1177 in
1528 1145 1730 1180 naturam

350 1228 537 1272 regressa
561 1207 719 1266 vigoris
744 1205 809 1250 5111
841 1204 1034 1264 agnoscit
1067 1203 1279 1257 altricem,
1311 1212 1440 1265 atque
1459 1220 1566 1248 ausu
1587 1204 1728 1266 depo-

355 1285 436 1328 sito
457 1276 766 1331 contumaciae,
794 1274 1057 1319 moderantis
1073 1274 1228 1318 animae
1244 1276 1502 1331 conjugatur
1521 1274 1724 1319 arbitrio:

353 1352 493 1417 qualis
523 1349 608 1395 fuit
639 1363 738 1392 cum
772 1345 1063 1390 inhabitanda
1100 1344 1288 1407 paradisi
1320 1354 1479 1388 secreta
1519 1345 1725 1407 suscepit,

352 1432 586 1483 antequam
629 1432 792 1462 veneno
829 1413 1018 1477 pestiferi
1045 1414 1254 1476 serpentis
1288 1412 1447 1458 infecta
1477 1414 1725 1474 sacrilegam

350 1492 511 1537 famem
549 1488 693 1541 sciret,
732 1484 1067 1546 divinorumque
1108 1484 1361 1528 memoriam
1402 1495 1726 1546 praeceptorum

352 1560 509 1606 animae
532 1556 725 1602 sensibus
740 1553 1025 1599 inhaerentem
1051 1553 1275 1598 edacitatis
1304 1553 1448 1598 studio
1468 1555 1720 1615 praeteriret.

347 1631 465 1676 Hinc
485 1635 716 1690 peccatum
732 1639 923 1667 manasse
945 1623 1165 1685 proditur,
1188 1633 1396 1685 tanquam
1422 1640 1605 1685 corpore
1630 1624 1727 1669 ani-

349 1714 508 1761 maque
531 1693 816 1755 genitoribus,
835 1691 940 1736 dum
962 1693 1157 1755 corporis
1175 1703 1330 1737 natura
1352 1703 1556 1749 tentatur,
1586 1694 1729 1739 anima

349 1767 460 1813 male
489 1780 603 1810 531166
621 1762 901 1824 compatitur.
933 1762 1031 1817 Qua
1059 1763 1093 1806 si
1115 1762 1407 1824 appetentiam
1436 1764 1629 1825 corporis
1656 1781 1728 1809 re-

346 1836 565 1888 frenasset,
587 1833 629 1877 in
653 1832 747 1894 ipso
769 1841 867 1875 ortu
883 1841 988 1875 esset
1020 1831 1204 1876 extincta
1231 1832 1350 1890 origo
1374 1833 1571 1894 peccati3
1597 1850 1728 1896 quam

351 1905 471 1953 velut
500 1902 632 1949 virilis
648 1900 836 1945 infusam
870 1901 1064 1963 corporis
1106 1912 1228 1946 motu
1263 1902 1373 1946 male
1411 1902 1518 1948 foeta
1565 1905 1724 1960 anima,

351 1977 481 2022 etiam
521 1973 587 2018 sui
610 1973 753 2030 vigore
783 1982 1009 2034 corrupto,
1047 1972 1192 2016 alienis
1218 1972 1356 2031 gravis
1394 1974 1598 2020 oneribus
1621 1992 1728 2038 par-

353 2053 520 2090 turivit.
543 2063 563 2082 »

416 2115 495 2159 XI.
526 2112 611 2156 Hic
637 2120 749 2155 certe
781 2110 1044 2172 apertissime
1075 2121 1204 2174 atque
1245 2112 1511 2157 satiatissime
1547 2112 1618 2157 ille
1640 2123 1728 2158 tam

352 2183 604 2228 excellenter
635 2179 698 2223 tui
733 2178 928 2224 doctoris
954 2197 1025 2225 ore
1050 2179 1252 2224 laudatus
1276 2180 1430 2226 doctor
1474 2182 1728 2227 Ambrosius

353 2250 606 2299 declaravit,
629 2259 670 2293 et
699 2248 806 2310 quid
835 2260 956 2304 esset,
998 2261 1038 2294 ct
1068 2249 1184 2293 unde
1204 2261 1308 2294 essct
1338 2251 1544 2310 originale
1568 2269 1729 2313 pecca-

355 2333 467 2375 tum,
490 2331 531 2364 ct
556 2318 670 2362 unde
694 2318 924 2375 contigerit
945 2318 1017 2362 illa
1037 2319 1178 2380 prima
1204 2319 1397 2364 confusio
1415 2355 1425 2374 ‚
1448 2336 1546 2381 quae
1570 2321 1729 2366 inobe-

353 2390 515 2437 dientia
554 2386 693 2431 carnis
715 2386 798 2429 fuit
829 2386 1112 2432 dissentientis
1145 2389 1201 2431 ab
1233 2389 1374 2432 anima
1408 2406 1538 2450 quam
1559 2389 1728 2435 discor-

350 2462 468 2506 diam
492 2467 612 2501 sanat
652 2455 731 2498 Dei
766 2456 901 2513 gratia
937 2473 1014 2517 per
1051 2457 1199 2500 Jesum
1235 2457 1458 2502 Christum
1488 2459 1728 2504 Dominum

347 2541 558 2578 nostrum.
584 2523 712 2568 ‘tides
726 2524 840 2568 unde
859 2541 958 2569 caro
975 2526 1258 2587 concupiscat
1278 2526 1478 2572 adversus
1502 2529 1724 2591 spiritum,

349 2599 468 2647 'fides
482 2594 597 2641 unde
611 2594 664 2638 sit
678 2592 741 2637 lex
757 2593 801 2637 in
817 2594 1023 2639 membris
1040 2611 1285 2656 repugnans
1302 2595 1385 2655 legi
1404 2598 1570 2644 inentis.
1597 2597 1727 2646 Vides

398 2682 406 2702 ¹
423 2678 540 2722 Ephes.
561 2686 601 2715 11,
620 2680 671 2710 14.
691 2691 734 2698 -
751 2672 765 2695 ²
781 2673 968 2707 AmbrosLus
986 2675 1018 2706 in
1038 2676 1167 2715 Lucam,
1192 2676 1251 2709 lib.
1273 2688 1330 2716 1-11,
1350 2688 1381 2709 n.
1407 2684 1484 2715 142,
