1843 3190
298 283 397 342 {til}
724 280 761 324 s.
800 279 1045 325 Rueus‘TiN't'
1078 279 1283 326 ssrl'sco‘m

302 385 324 406 »
343 358 590 426 suspiranti1
614 365 626 405 Ξ
650 376 670 401 n
707 358 790 404 nisi
819 363 863 404 et
887 358 971 421 ipsi
1003 363 1279 405 moverentur
1309 361 1676 424 conCUPisc‘eii'tite

303 432 487 480 carnalis
505 429 755 484 affectibus,
783 428 884 474 licet
914 428 1111 478 destituti
1135 431 1276 475 carnis
1298 432 1536 479 effectibus.
1574 434 1675 479 Md-

302 492 421 550 'tibus
439 502 572 562 igitur
595 501 680 546 suis
704 500 847 545 anima
871 509 983 563 quos
1010 499 1146 545 h'abet
1169 501 1409 547 secundum
1436 503 1641 565 spiritum
1660 541 1672 560 ‚

304 573 555 620 adversatur
578 571 669 617 aliis
699 570 892 615 motibus
916 570 1001 615 su'is
1027 582 1137 634 quos
1162 570 1298 616 habet
1317 572 1558 619 secundum
1577 575 1680 620 cai·-

302 648 432 690 nem:
455 647 498 689 et
524 653 671 687 rursus
689 640 879 686 motibus
902 640 989 686 suis
1011 657 1120 704 quos
1143 641 1279 686 habet
1314 643 1558 704 secundum
1578 646 1679 690 ear-

303 731 419 768 nem,
445 712 697 759 adversatur
724 711 817 756 aliis
840 711 1030 756 motibus
1052 711 1137 756 suis
1156 721 1264 774 quos
1285 711 1420 757 habet
1439 714 1677 760 secundum

303 785 505 847 spiritum
529 794 538 827 t
563 791 605 827 et
632 781 730 826 ideo
766 781 930 826 dicitur
952 817 962 836 ,
991 797 1092 825 caro
1134 782 1443 844 concupiscere
1476 783 1679 830 adversus

302 855 523 918 spiritum,
547 863 590 898 et
604 851 781 915 spiritus
809 851 1014 896 adversus
1032 851 1254 898 carne1'n2.
1288 851 1372 896 Sed
1391 857 1568 915 propter
1591 854 1678 900 hoc

302 936 344 972 et
362 925 416 970 de
432 917 524 988 ipsa
538 923 680 969 anima
691 921 858 967 dictum
870 929 950 977 est,
975 942 994 963 t<
1010 923 1264 967 Renovatur
1278 922 1330 967 de
1342 921 1411 968 die
1428 915 1595 970 indiem
1614 924 1678 971 ¹⁹².»

305 997 454 1059 Neque
477 993 591 1039 enim
621 993 714 1056 ipsa
734 992 779 1037 in
814 993 1043 1037 sanctitate
1073 1008 1159 1037 non
1183 992 1361 1055 proficit
1381 1030 1392 1049 ‚
1419 1000 1518 1039 cum
1544 995 1678 1055 magis

301 1065 525 1129 magisque
552 1063 710 1109 minuit
732 1080 800 1108 eas
823 1063 986 1126 quibus
1012 1070 1101 1107 non
1127 1062 1342 1107 consentit
1377 1064 1569 1110 carnales
1594 1070 1678 1111 'cu-

301 1136 520 1201 piditates.
568 1135 666 1180 Jam
712 1133 943 1196 baptizatis
984 1133 1151 1196 quippe
1187 1132 1364 1178 dicebat
1412 1135 1674 1197 Apostolus,

303 1206 565 1252 Mortificate
589 1203 786 1249 membra
817 1213 957 1249 vestra
992 1214 1093 1266 quae
1117 1212 1219 1247 sunt
1251 1220 1381 1266 super
1406 1213 1576 1251 terram.
1607 1205 1678 1251 lbi

302 1287 343 1322 et
364 1275 614 1330 fornicatio,
645 1283 687 1319 et
707 1273 818 1318 mala
847 1273 1203 1335 concupiscentia
1220 1309 1230 1328 ‚
1267 1284 1308 1318 et
1341 1274 1517 1319 avaritia
1541 1274 1678 1320 nomi-

300 1356 445 1392 natur.
475 1342 709 1401 Quomodo
733 1359 834 1401 ergo
855 1342 1089 1387 mortificat
1107 1346 1200 1401 jam
1219 1337 1466 1405 baptizatus
1491 1344 1678 1391 fornica-

302 1417 481 1471 tionem,
503 1424 637 1478 quam
664 1430 751 1458 non
767 1417 858 1473 jam
892 1423 1132 1476 perpetrat,
1160 1423 1201 1458 et
1216 1413 1455 1459 secuudum
1479 1425 1519 1460 te
1541 1436 1561 1457 <‹
1588 1416 1678 1462 Nec

301 1487 437 1533 habet
463 1483 629 1548 aliquid
655 1482 777 1547 quod
803 1482 1069 1528 mortificetl*
1091 1486 1146 1528 P»
1179 1483 1413 1539 Quomodo
1434 1521 1444 1539 ‚
1464 1485 1643 1547 inquam
1662 1522 1673 1541 ‚

300 1557 575 1619 obtemperat
595 1553 808 1617 Apostolo
827 1553 1007 1609 dicent1‚
1036 1554 1297 1598 Mortificate
1319 1553 1674 1606 fornicationem:

299 1627 381 1673 nisi
399 1643 501 1672 cum
537 1623 748 1670 desideria
774 1626 865 1684 ejus
890 1624 1051 1686 quibus
1075 1640 1164 1669 non
1187 1623 1402 1669 consentit
1427 1635 1675 1688 expugnat,

300 1697 465 1760 quaein
489 1694 599 1741 bene
625 1693 987 1758 proficientibus,
1023 1704 1064 1740 et
1094 1693 1272 1739 omnino
1307 1690 1395 1739 non
1419 1694 1679 1747 fornicanti·-

300 1768 408 1823 bus,
447 1776 529 1811 nec
565 1764 842 1810 consensione
864 1799 875 1819 ‚
915 1780 996 1809 nec
1045 1780 1174 1827 opere
1191 1801 1202 1821 ‚
1241 1764 1321 1809 etsi
1361 1781 1451 1810 non
1491 1765 1674 1822 desunt,

301 1849 447 1884 tamen
475 1835 671 1901 quotidie
703 1835 991 1880 minuuntur?
1018 1835 1115 1880 Hoc
1151 1835 1293 1894 agitur
1319 1835 1365 1880 in
1388 1835 1552 1898 templo
1573 1836 1674 1892 Det,

301 1908 478 1973 quando
497 1901 731 1967 adjuvante
755 1906 841 1951 Deo
861 1906 994 1965 igitur
1010 1905 1132 1970 quod
1151 1906 1356 1969 praecipit
1370 1907 1500 1954 Deus.
1529 1904 1677 1970 Opera

301 1980 480 2044 spiritus
498 1978 740 2038 eriguntur,
771 1994 902 2040 opera
926 1977 1068 2022 carnis
1100 1977 1438 2023 mortificantur.
1464 1998 1482 2016 α
1499 1977 1545 2022 Si
1561 1978 1677 2022 enim

305 2073 326 2093 »
343 2049 583 2095 'secundum
608 2058 782 2093 'carnem
805 2047 993 2093 vixeritis
1012 2084 1022 2103 ,
1046 2047 1217 2110 inquit,
1242 2047 1514 2092 moriemini:
1550 2047 1585 2092 si
1605 2059 1678 2092 au-

304 2136 324 2163 »
347 2131 433 2166 tem
458 2120 614 2183 spiritu
631 2118 746 2164 facta
759 2118 900 2164 carnis
919 2117 1299 2172 mortificaveritis,
1324 2117 1492 2165 vivetis,
1518 2139 1537 2160 ›>
1561 2119 1612 2163 Et
1630 2123 1679 2164 ut

301 2191 460 2237 scirent
485 2200 526 2235 se
542 2190 630 2235 hoc
654 2205 743 2233 non
766 2188 906 2234 facere
925 2189 1005 2233 nisi
1025 2189 1159 2248 gratia
1185 2188 1263 2232 Dei
1289 2224 1300 2243 ,
1339 2188 1548 2233 continuo
1570 2183 1678 2234 sub'-

301 2261 445 2314 didit,
463 2280 484 2302 t(
508 2261 738 2322 Quotquot
757 2260 873 2304 enim
892 2259 1050 2322 spiritu
1075 2257 1158 2304 Dei
1181 2268 1389 2317 aguntur,
1410 2258 1458 2303 hi
1480 2258 1558 2303 filii
1576 2269 1677 2304 sunt

306 2345 326 2372 ›'›
353 2329 479 2376 Dei5.
506 2350 526 2371 »
560 2331 617 2374 Ac
651 2339 729 2391 per
752 2329 840 2374 hoc
864 2329 1135 2393 quicumque
1173 2338 1360 2387 aguntur
1384 2329 1463 2373 Dei
1486 2328 1672 2391 spiritu,

302 2401 387 2466 ipsi
402 2400 516 2446 facta
535 2399 677 2466 carnis
699 2400 968 2445 mortificant
989 2400 1161 2462 spiritu.

367 2471 510 2517 XLII.
536 2469 713 2514 Habent
726 2480 826 2529 ergo
839 2472 931 2529 jam
949 2467 1159 2532 baptizati
1182 2466 1291 2530 quid
1319 2478 1449 2528 agant
1477 2468 1522 2514 in
1550 2485 1592 2514 se
1609 2464 1677 2532 ip'-

350 2576 361 2600 ¹
379 2570 475 2609 Echi.
492 2584 570 2613 xxx,
590 2585 644 2607 21.
660 2591 706 2598 -
723 2553 856 2609 2G‘011at,
870 2574 900 2615 v,
924 2575 979 2616 17.
998 2588 1044 2599 --
1060 2571 1074 2597 3
1092 2585 1110 2606 2
1131 2572 1205 2607 Cor.
1221 2571 1266 2612 ιθ,
1288 2574 1392 2609 16.-—
1406 2570 1420 2597 4
1435 2572 1624 2617 Colos's.i11,
1643 2570 1674 2607 5.

302 2650 348 2659 —-
361 2630 375 2656 5
388 2634 483 2664 Rom.
496 2640 568 2669 vm,
586 2631 637 2664 13.
