1843 3190
338 263 425 315 138
743 281 777 311 s.
823 277 1069 309 Auensrlm
1105 276 1307 307 EPISCOPI

326 360 394 395 tus
413 365 461 394 ex
475 346 639 407 virgine
664 344 948 407 generationis
976 343 1177 388 obnoiiae
1200 341 1431 406 privilegio
1451 340 1628 388 minime
1656 352 1712 388 te-

330 430 522 467 neretur.
548 440 568 460 «
585 420 723 472 Ecce,
746 417 889 479 inquit
907 452 917 470 ,
941 415 983 459 in
1007 414 1314 477 iniquitatibus
1338 425 1576 476 conceptus
1595 430 1709 469 sum,

331 515 350 531 n
369 501 409 534 et
429 490 473 534 in
493 488 662 534 delictis
680 487 851 550 peperit
871 502 937 530 me
958 495 1094 530 mater
1113 501 1205 529 mea
1220 484 1234 512 'l
1265 503 1274 529 z
1295 507 1312 525 »
1342 483 1450 529 dicit
1472 485 1506 528 is
1530 484 1606 546 qui
1623 487 1713 542 jus-

331 570 399 604 tus
423 576 516 622 pree
540 559 708 604 caeteris
730 557 988 621 putabatur.
1017 555 1160 611 Quem
1189 555 1321 615 igitur
1337 558 1425 614 jam
1447 558 1614 613 Justum
1648 553 1714 598 di-

330 630 462 674 xerim
485 667 495 684 ‚
524 628 604 674 nisi
637 628 798 673 horum
836 625 1023 672 liberum
1048 625 1324 671 vinculorum
1347 662 1357 680 ‚
1383 641 1511 687 quem
1546 634 1715 669 naturae

331 700 574 746 communis
594 698 769 745 vincula
787 714 877 743 non
896 699 1100 742 teneant?
1135 697 1299 742 Omnes
1324 696 1405 761 sub
1426 705 1608 758 peccato
1625 731 1635 749 ‚
1659 694 1715 739 ab

333 770 471 816 Adam
502 769 547 814 in
585 786 733 814 omnes
771 767 983 827 regnabat
1007 783 1137 812 mors.
1178 766 1334 811 Veniat
1365 765 1478 811 solus
1497 769 1639 825 justus
1671 765 1714 809 in

331 849 568 901 conspectu
592 838 687 893 Dei,
715 837 769 883 de
794 854 883 900 quo
902 840 993 895 jam
1018 853 1105 880 non
1130 852 1230 880 cum
1250 836 1501 898 exceptione
1520 835 1712 889 dicatur,

331 929 353 949 «
376 910 472 953 Non
494 908 694 971 peccavit
719 908 765 952 in
793 906 920 951 labiis
939 906 1052 958 suis;
1074 928 1092 946 υ
1119 905 1216 960 sed,
1238 928 1256 945 «
1283 907 1518 950 Peccatum
1543 922 1631 950 non
1654 904 1712 949 fe-

331 999 354 1022 »
377 979 437 1024 cit
454 980 518 1025 2.»
535 978 652 1023 Huic
678 977 750 1023 dic
773 977 807 1022 si
831 976 980 1031 audes,
1003 975 1123 1039 quod
1151 975 1378 1021 diabolum
1403 975 1551 1021 feeerit
1571 976 1715 1021 homi-

328 1066 435 1095 num
459 1047 730 1093 conditorem
749 1084 760 1103 ,
783 1046 861 1110 qui
886 1046 1112 1108 utriusque
1133 1062 1253 1091 sexus
1273 1046 1584 1091 commixtione
1607 1063 1712 1091 nas-

331 1128 518 1172 cuntur3
543 1116 902 1181 quandoquidem
927 1115 1068 1161 solum
1102 1115 1329 1161 Christum
1346 1152 1357 1172 ‚
1390 1116 1494 1178 quia
1517 1115 1572 1160 sit
1590 1123 1716 1161 natus

334 1207 381 1235 ex
405 1189 587 1249 virgine⁹
615 1207 638 1234 a
661 1187 851 1235 vinculis
870 1187 1070 1233 obnoxiae
1089 1187 1376 1247 generationis
1397 1193 1591 1250 excepit,
1629 1204 1720 1233 om-

337 1260 468 1305 nibus
493 1258 658 1305 caeteris
694 1276 742 1304 ex
767 1258 908 1305 Adam
933 1258 1016 1303 sub
1033 1258 1204 1320 peccati
1223 1258 1485 1318 obligatione
1504 1257 1717 1303 nascenti-

344 1331 451 1383 bus3
480 1329 598 1393 quod
631 1330 782 1392 utique
814 1339 1046 1392 peccatum
1071 1328 1272 1374 diabolus
1302 1329 1543 1374 seminavit.
1586 1328 1719 1373 Hunc

343 1401 644 1446 damnatorem
667 1400 878 1459 redargue
907 1399 1164 1461 nuptiarum
1179 1434 1189 1454 ‚
1216 1399 1294 1462 qui
1317 1399 1406 1443 sine
1426 1409 1610 1462 peccato
1639 1416 1722 1444 na-

343 1481 434 1516 tum
460 1471 599 1516 solum
640 1470 749 1515 dicit
785 1470 962 1528 virginis
991 1469 1146 1515 filium.
1183 1470 1318 1514 Istum
1358 1480 1605 1529 negatorem
1625 1486 1722 1532 per-

343 1540 559 1604 cipiendae
579 1540 810 1584 criminare
836 1539 1008 1584 virtutis
1030 1575 1041 1594 ‚
1068 1539 1146 1602 qui
1182 1542 1326 1584 asserit
1350 1539 1589 1599 ingenerari
1616 1539 1722 1585 vitia

345 1610 487 1670 generi
505 1610 698 1655 humano
735 1609 781 1654 in
812 1609 908 1671 ipso
940 1609 1238 1672 conceptionis
1261 1609 1448 1656 exordio.
1482 1611 1538 1654 Et
1555 1609 1626 1655 die
1646 1610 1714 1663 ei,

345 1680 466 1743 quod
486 1679 691 1725 adversus
707 1696 776 1724 me
794 1679 839 1724 in
856 1679 1000 1742 primo
1020 1690 1093 1725 tuo
1114 1679 1335 1725 volumine
1348 1679 1504 1725 videris
1521 1680 1603 1725 tibi
1621 1681 1723 1726 satis

344 1761 444 1813 apte
464 1760 674 1813 acuteque
703 1749 855 1795 dixisse
873 1787 884 1805 ‚
908 1770 929 1790 ε(
953 1750 1042 1795 Nec
1066 1767 1247 1812 peccare
1283 1767 1354 1795 eos
1388 1751 1568 1796 omnino
1590 1788 1600 1806 ‚
1644 1750 1722 1813 qui

340 1837 524 1884 peccare
541 1820 785 1866 dicuntur:
807 1821 841 1865 si
864 1820 1042 1884 quidem
1072 1838 1095 1865 a
1121 1837 1402 1884 quocumque
1431 1822 1561 1866 creati
1593 1832 1721 1876 sunt,

343 1891 501 1937 secund
511 1907 581 1936 um
600 1890 644 1936 id
658 1890 778 1954 quod
798 1892 929 1936 creati
947 1902 1064 1947 sunt,
1084 1908 1252 1937 necesse
1274 1891 1441 1936 habent
1460 1891 1622 1947 vivere,
1646 1909 1727 1937 nec

346 1978 436 2006 suae
456 1977 699 2023 repugnare
718 1970 901 2008 naturae.
928 1983 947 2003 »
975 1962 1084 2007 Haec
1105 1961 1250 2007 omnia
1267 1960 1340 2006 dic
1364 1961 1596 2007 Ambrosio
1613 1999 1623 2015 ,
1641 1962 1729 2008 sive

349 2031 401 2076 de
420 2031 650 2077 Ambrosio
664 2068 674 2087 ‚
698 2048 799 2094 quae
816 2032 927 2077 mihi
946 2042 1032 2077 tam
1052 2031 1258 2095 superbe,
1286 2042 1376 2077 tam
1399 2032 1728 2089 contumeliose,

343 2111 431 2146 tam
455 2102 698 2164 procaciter
718 2112 760 2146 et
784 2101 1029 2165 petulanter
1052 2103 1260 2161 objectas.
1296 2102 1312 2163 (
1341 2102 1456 2147 Nam
1491 2102 1561 2147 his
1587 2103 1732 2149 verbis

351 2174 437 2220 suis
462 2174 674 2220 infamare
701 2175 832 2220 etiam
856 2174 1136 2237 baptismatis
1160 2186 1479 2220 sacramentum
1497 2212 1508 2232 ‚
1541 2175 1662 2239 quod
1687 2177 1733 2222 in

352 2262 401 2289 eo
413 2245 540 2308 plena
564 2263 653 2291 non
672 2247 747 2291 fiat
770 2247 963 2291 remissio
983 2256 1262 2309 peccatorum
1285 2245 1568 2309 3et'iniquum
1590 2248 1732 2292 Deum

352 2314 514 2369 facere,
538 2313 615 2377 qui
645 2326 826 2378 peccata
852 2316 896 2361 in
923 2316 1022 2361 filiis
1048 2316 1227 2361 damnat
1253 2316 1416 2370 aliena‚
1442 2333 1542 2378 quae
1569 2316 1616 2362 in
1646 2335 1733 2380 pa-

354 2384 549 2429 rentibus
584 2384 810 2439 relaxavit3
842 2386 1019 2432 fortasse
1060 2404 1147 2433 non
1182 2397 1327 2449 potest
1363 2385 1486 2432 dici:
1524 2388 1734 2450 quoniam

355 2473 455 2501 cum
479 2455 577 2501 haec
617 2455 896 2520 loqueretur,
933 2475 1022 2503 non
1053 2458 1107 2504 de
1133 2459 1458 2522 baptizatorum
1489 2460 1732 2523 propagine

355 2526 629 2590 loquebatur.
647 2528 663 2590 )
689 2528 826 2574 Porro
845 2529 879 2574 si
897 2539 1073 2575 sanctus
1091 2529 1343 2575 Ambrosius
1361 2547 1450 2576 non
1473 2546 1522 2576 ex
1535 2529 1606 2576 his
1620 2539 1730 2583 erat,

401 2610 513 2645 ¹Psal.
535 2624 568 2653 L,
589 2624 620 2652 7.
641 2610 713 2635 ——2
732 2612 808 2644 Job.
830 2624 858 2651 1,
879 2618 933 2651 221,
954 2618 985 2644 et
1003 2625 1016 2643 x
1035 2615 1123 2645 Petr.
1145 2623 1187 2651 ιι,
1208 2624 1263 2644 22.
