1843 3190
316 375 490 406 CONTRA
523 375 750 407 JULtANUM
785 376 1091 417 PELAGIANUM,
1129 376 1217 410 mis.
1258 377 1319 408 vi.
1394 363 1486 425 427

118 440 281 500 gaverit
305 458 383 503 per
405 441 552 486 decem
589 451 631 485 et
663 451 760 486 octo
795 458 942 488 annos.
976 441 1093 496 Quid
1129 441 1182 487 de
1205 440 1330 486 malis
1355 440 1490 504 ipsius

124 511 256 555 animi
300 511 484 573 loquar?
529 511 679 569 (iogita
699 522 914 573 quantum
933 512 1034 556 mali
1056 512 1136 567 sit,
1164 510 1388 556 stultitiam
1409 528 1491 573 pu-

117 590 205 624 tare
230 598 328 643 quae
357 591 455 625 sunt
480 580 668 643 Spiritus
695 581 771 626 Dei
792 581 834 625 l:
861 592 902 626 et
926 592 1069 626 tamen
1093 581 1194 626 tales
1213 592 1350 636 erant,
1376 598 1484 643 quos

116 650 348 712 Apostolus
369 650 510 695 alebat
537 650 697 705 lacte2,
720 668 808 696 non
839 651 957 696 cibo.
986 650 1210 713 Numquid
1234 662 1277 696 et
1298 650 1492 696 stultitiae

113 718 228 765 illius
261 731 345 764 tam
375 736 583 778 magnum
609 720 772 764 malum
791 757 801 775 ,
824 720 926 783 quia
959 737 1047 765 non
1070 719 1206 765 fuerat
1230 720 1491 782 baptismate

115 789 310 834 ablatum
328 827 339 845 ,
366 790 637 853 baptizatum
675 791 1082 853 sanctificatumque
1103 790 1300 853 dicturus
1320 792 1392 834 es?
1417 790 1490 835 Sic

113 875 212 918 ergo
235 870 276 905 et
305 860 683 923 concupiscentia,
717 877 817 923 quae
857 871 1000 906 manet
1032 859 1330 923 oppugnanda
1363 869 1489 922 atque

112 930 326 991 sananda,
350 931 546 993 quamvis
569 931 614 975 in
640 931 860 993 baptismo
889 930 1063 977 dimissa
1089 931 1175 976 siut
1205 940 1363 976 cuncta
1388 947 1487 975 om-

111 1000 215 1045 nino
242 1012 448 1063 peceQita
477 1017 564 1046 non
602 1001 740 1046 solum
772 1019 859 1047 non
897 1002 1210 1057 sanctificatur,
1244 1000 1317 1046 sed
1342 1000 1489 1064 potius

110 1086 163 1115 ne
179 1071 471 1116 sanctificatos
489 1082 660 1116 aeternae
678 1072 807 1117 morti
827 1072 1034 1117 obnoxios
1051 1071 1186 1135 possit
1202 1082 1370 1126 tenere,
1393 1087 1488 1116 eva-

111 1151 297 1186 cuatur:
325 1142 428 1204 quia
448 1152 488 1187 et
506 1142 571 1187 1111
586 1159 662 1205 qni
682 1141 792 1188 lacte
815 1142 1060 1197 alebantur,
1088 1159 1176 1187 non
1201 1140 1337 1186 solido
1359 1107 1482 1195 ⁹cibo,

86 1224 88 1226 ’
109 1221 151 1255 61
177 1211 322 1256 adhuc
340 1223 461 1256 erant
484 1211 712 1266 animales,
734 1229 820 1257 non
840 1212 1127 1275 percipientes
1143 1227 1245 1274 quae
1266 1220 1368 1255 sunt
1389 1210 1488 1272 Spi-

109 1281 218 1326 ritus
246 1281 353 1337 Dei,
379 1281 583 1343 quoniam
618 1281 797 1328 stultitia
833 1281 916 1327 illis
953 1281 1101 1327 adhuc
1130 1291 1248 1333 erat3
1275 1280 1309 1325 si
1341 1280 1386 1325 in
1412 1279 1486 1325 illa

109 1350 263 1395 mentis
287 1360 414 1396 aetate
432 1388 442 1406 ,
479 1368 566 1396 non
595 1353 763 1405 carnis,
791 1351 844 1397 de
865 1368 1047 1414 corpore
1081 1351 1281 1406 exissent,
1313 1350 1359 1396 in
1398 1366 1485 1413 qua

109 1430 235 1465 aetate
260 1421 359 1466 novi
394 1420 592 1465 homines
618 1421 957 1484 appellabantur
984 1421 1167 1485 parvuli
1197 1422 1243 1466 in
1276 1420 1480 1476 Christo,

108 1489 228 1552 nullo
247 1501 367 1535 reatu
383 1490 578 1536 stultitiae
598 1491 712 1536 illius
732 1503 978 1537 tenerentur
1000 1510 1010 1537 z
1040 1491 1141 1554 quia
1163 1491 1250 1536 1106
1275 1491 1332 1535 613
1355 1491 1484 1535 bene-

107 1560 258 1611 ficium
281 1559 420 1605 fuerat
445 1562 764 1620 regeneratione
787 1562 992 1607 collatum
1012 1599 1023 1618 ,
1056 1573 1105 1607 ut
1124 1560 1484 1625 omniumssmalo-

107 1647 205 1675 rum
219 1667 230 1685 ,
259 1631 419 1693 quibus
437 1641 477 1676 et
495 1641 643 1694 postea
670 1632 737 1677 vel
759 1632 984 1678 moriendo
1005 1632 1072 1695 vel
1095 1630 1368 1695 proficiendo
1387 1629 1485 1675 fue-

107 1711 207 1745 rant
254 1700 436 1745 exuendi
465 1738 475 1756 ,
518 1712 659 1746 reatus
704 1704 913 1748 continuo
960 1703 1197 1748 solveretur
1237 1702 1483 1747 remissione

106 1782 385 1833 peccatorum
405 1772 625 1827 omnium,
651 1772 845 1817 nondum
873 1774 1070 1818 omnium
1091 1773 1273 1817 sanitate
1298 1763 1482 1816 morbo-

106 1858 218 1887 rum.
247 1842 335 1897 Qui
361 1851 503 1886 timen
530 1853 670 1887 reatus
704 1851 846 1888 teneat
882 1860 1048 1888 11666336
1071 1853 1133 1888 est
1155 1860 1253 1888 eum
1270 1877 1281 1896 ,
1309 1841 1384 1904 qui
1412 1858 1482 1886 se—

106 1907 299 1956 cundum
321 1929 492 1956 carnem
515 1922 766 1971 generatur3
790 1914 891 1975 quia
924 1930 1012 1958 non
1046 1913 1125 1958 nisi
1163 1913 1200 1957 ei
1233 1911 1481 1966 remittitur,

107 1982 181 2045 qui
204 1982 441 2027 secundum
463 1983 662 2045 spiritum
683 1994 972 2042 regeneratur.
1000 1985 1035 2029 A
1056 1993 1192 2028 morte
1210 1982 1485 2046 quippejus-

105 2051 280 2098 tissimae
303 2051 593 2097 damnationis
612 2070 688 2115 per
707 2070 840 2098 unum
867 2053 1152 2099 Mediatorem
1172 2052 1255 2097 Dei
1274 2062 1315 2096 et
1335 2051 1484 2110 homi-

104 2137 210 2166 num
237 2120 446 2166 liberatur
476 2139 606 2180 genus
636 2122 902 2179 humanum,
942 2140 1030 2169 non
1065 2141 1086 2167 a
1120 2132 1257 2168 morte
1290 2120 1485 2183 corporis

106 2200 276 2236 tantum
295 2228 307 2247 ,
334 2192 405 2237 sed
432 2210 453 2237 a
474 2203 611 2237 morte
634 2210 720 2256 qua
740 2195 899 2239 mortui
924 2204 1052 2249 311111,
1073 2209 1156 2256 pro
1182 2191 1344 2255 quibus
1371 2200 1483 2236 un'us

102 2272 304 2314 ,mortuus
329 2273 403 2309 est.
439 2284 459 2303 α
488 2264 544 2308 Ε1
569 2266 672 2325 quia
700 2280 780 2326 pro
813 2265 1019 2309 omuibus
1044 2273 1243 2308 mortuus
1263 2272 1353 2317 est,
1379 2277 1479 2320 ergo

106 2348 252 2377 omnes
277 2333 438 2377 mortui
458 2343 558 2378 sunt
573 2332 606 2379 ³.
634 2355 654 2374 »

167 2403 290 2449 LIII.
333 2402 465 2459 Quod
490 2420 589 2448 vcro
617 2414 654 2448 te
674 2403 806 2449 libuit
824 2413 912 2448 tam
931 2402 1116 2468 multum
1142 2395 1195 2447 de
1219 2400 1482 2466 qualitatum

105 2470 342 2521 differentia
373 2474 595 2536 disputare
614 2511 625 2529 ,
657 2475 758 2538 quia
794 2491 869 2534 ego
905 2473 1034 2519 semel
1056 2472 1277 2518 nominavi
1296 2470 1484 2534 quatita-s

104 2551 191 2587 tem
207 2579 219 2598 ,
247 2542 395 2589 dicens
413 2543 428 2572 ά
453 2561 463 2589 :
489 2565 509 2585 c<
530 2545 630 2591 Non
670 2544 1011 2593 substantialiter
1041 2559 1212 2590 manere
1243 2540 1481 2604 concupis-

150 2643 162 2663 ¹
190 2653 203 2672 1
223 2643 297 2679 Cor.
312 2654 352 2682 xx,
372 2650 423 2680 14,
441 2661 484 2667 -—
502 2642 517 2665 2
538 2643 623 2680 11d-.
642 2655 696 2681 m,
712 2655 744 2676 2.
762 2642 834 2673 ³⁹3
851 2654 870 2680 2
889 2646 967 2680 Cor,
987 2653 1020 2682 v,
1042 2649 1145 2680 τι*
1161 2638 1177 2663 ⁶
1196 2639 1268 2677 Lib-
1284 2638 1480 2683 mfflssupt.

104 2703 175 2739 cap.
200 2697 257 2728 25.
