1843 3190
310 318 483 349 CONTRA
520 317 746 350 JULIANUM
783 318 1088 362 PELAGIANUM,
1126 323 1214 352 Lm.
1257 324 1298 355 v.
1398 308 1491 371 369

118 400 253 430 cessos
277 385 381 431 fines
406 386 538 431 animi
556 394 768 448 potestate
791 402 914 448 posse
934 387 1121 434 retineri.
1147 409 1168 430 »
1192 388 1341 434 Faciat
1361 389 1495 435 animi

117 467 326 518 potestas,
352 457 385 502 si
403 467 558 520 potest,
591 466 640 501 ut
672 455 726 501 ad
745 457 1118 517 transgrediendos
1141 459 1264 517 fines,
1292 477 1316 505 a
1337 460 1499 523 quibus

120 527 479 586 transgrediendis
507 543 601 572 eam
631 537 830 583 revocat,
861 545 949 573 non
975 545 1016 574 se
1035 528 1175 575 libido
1206 541 1491 578 commoveat.

119 596 250 653 Quod
274 598 308 643 si
328 597 467 644 facere
489 614 577 642 non
591 608 754 660 potest;
777 598 973 661 profecto
993 610 1041 645 ut
1053 601 1156 646 fines
1179 619 1265 647 non
1278 613 1494 661 transgre-

118 666 282 725 diatur,
300 669 507 732 improbo
521 669 639 714 hosti
651 669 879 726 resistitur,
895 671 972 734 qui
991 688 1060 717 eos
1075 672 1312 732 transgredi
1324 673 1493 719 nititur.

117 759 138 779 «
167 739 252 784 Sed
286 740 535 786 universum
570 750 874 802 contemptum
901 745 992 801 ejus
1010 779 1021 798 ,
1047 742 1193 806 inquis
1211 780 1221 800 ,
1259 743 1503 803 virginibus

119 809 680 873 continentibusqueinesse
705 820 926 858 testamur.
945 833 966 853 >2
993 813 1220 877 Numquid
1239 813 1504 873 ideo‘virgi-

118 897 192 925 nes
229 891 269 925 et
296 881 565 926 continentes
600 891 754 926 contra
791 882 1193 945 concupiscentiam
1229 883 1372 929 carnis
1414 900 1504 928 non

119 955 349 1013 pugnant?
373 953 428 996 Et
450 951 561 1015 quid
579 962 641 997 est
656 962 810 997 contra
831 952 949 1014 quod
962 964 1158 999 exercent
1180 953 1256 999 abs
1272 964 1314 999 te
1327 970 1503 1017 quoque

117 1020 364 1084 praedicata
387 1021 461 1066 illa
481 1021 665 1081 gloriosa
694 1023 949 1078 certamina,
976 1033 1022 1068 ut
1045 1024 1336 1084 virginitatem
1357 1023 1504 1069 conti-

117 1091 397 1155 nentiamque
413 1091 694 1137 custodiant?
712 1092 759 1137 Si
774 1109 874 1152 ergo
888 1104 1102 1155 pugnant,
1128 1093 1292 1139 malum
1311 1103 1372 1139 est
1386 1093 1507 1156 quod

118 1173 379 1225 expugnant,
413 1163 469 1207 Et
506 1162 583 1208 ubi
608 1172 671 1207 est
700 1162 787 1209 hoc
811 1163 992 1221 malum,
1026 1164 1109 1209 nisi
1131 1164 1176 1208 in
1201 1164 1338 1227 ipsis?
1367 1165 1500 1223 Ergo,

118 1232 218 1277 Non
228 1232 404 1278 habitat
425 1232 471 1277 in
488 1249 574 1288 me,
588 1232 674 1278 hoc
688 1243 767 1288 est,
795 1232 841 1278 in
859 1249 988 1279 carne
1009 1251 1102 1280 mea
1115 1234 1304 1291 bonum,
1323 1234 1495 1280 veraci-

119 1313 183 1349 ter
202 1303 365 1349 dicitur
384 1313 427 1349 et
449 1304 505 1348 ab
534 1303 654 1366 ipsis,

183 1374 325 1422 LXII.
353 1396 373 1417 ‹<
401 1375 523 1420 Nihil
566 1373 687 1420 aliud
720 1373 830 1420 dicis
859 1392 946 1420 esse
965 1376 1158 1440 nuptias,
1188 1393 1322 1440 quam
1341 1393 1505 1439 corpo-

119 1462 216 1491 rum
240 1446 590 1492 commixtionem
609 1464 620 1491 :
646 1467 666 1488 n
686 1445 847 1491 etdicis
863 1457 1028 1509 postea,
1053 1447 1173 1511 quod
1188 1458 1229 1493 et
1245 1464 1395 1493 verum
1413 1457 1475 1492 est
1492 1465 1503 1492 :

121 1537 140 1558 α
167 1516 267 1565 Sine
293 1518 495 1581 appetitu
519 1527 671 1563 mutuo
692 1527 735 1562 et
753 1516 842 1562 sine
869 1534 999 1580 opere
1016 1518 1203 1564 naturali
1221 1516 1505 1581 propagatio-

121 1603 220 1632 nem
238 1605 325 1633 esse
342 1605 430 1633 non
444 1605 583 1652 posse.
611 1587 841 1650 Numquid
859 1598 1002 1634 tamen
1019 1606 1164 1648 negas,
1182 1588 1355 1634 sibimet
1377 1587 1507 1633 etiam

121 1657 339 1703 adulteros
375 1659 574 1721 appetitu
598 1668 753 1703 mutuo
780 1668 821 1702 et
847 1675 977 1721 opere
996 1658 1184 1704 naturali
1204 1670 1245 1704 et
1269 1674 1507 1722 corporum

121 1728 425 1774 commixtione
444 1728 681 1788 conjungi?
701 1728 800 1773 Non
819 1739 881 1773 est
900 1746 998 1788 ergo
1017 1729 1097 1775 ista
1116 1728 1313 1775 definitio
1330 1728 1504 1791 nuptia-

120 1814 233 1845 rum.
265 1798 396 1844 Aliud
417 1809 475 1844 est
501 1799 616 1844 enim
649 1797 768 1861 quod
787 1799 957 1861 nuptiae
977 1810 1102 1857 sunt,
1126 1811 1167 1845 et
1192 1798 1309 1844 aliud
1335 1809 1397 1844 est
1414 1798 1504 1843 sine

122 1885 210 1932 quo
235 1869 364 1914 etiam
380 1870 550 1932 nuptiae
573 1868 684 1913 filios
708 1885 952 1931 propagare
985 1886 1074 1915 non
1102 1879 1298 1933 possunt.
1333 1869 1445 1913 Nam
1460 1877 1503 1912 et

122 1939 211 1983 sine
233 1939 400 2002 nuptiis
439 1949 622 2001 possunt
645 1939 766 1983 nasci
797 1938 1019 1995 homines,
1066 1950 1107 1985 et
1144 1940 1233 1985 sine
1265 1954 1502 2000 corporum

122 2009 427 2054 commixtione
458 2019 642 2072 possunt
678 2025 764 2053 esse
793 2012 996 2068 conjuges
1022 2027 1032 2054 ε
1057 2009 1250 2073 alioquin
1268 2026 1356 2054 non
1375 2017 1503 2053 erunt

122 2083 343 2140 conjuges,
367 2091 416 2126 ut
428 2080 540 2126 nihil
554 2078 674 2125 aliud
693 2078 857 2136 dicam,
877 2090 992 2126 certe
1006 2097 1108 2126 cum
1129 2080 1360 2136 senuerint,
1391 2078 1501 2124 sibi-

120 2166 206 2212 que
230 2150 399 2195 misceri
414 2150 483 2196 vel
506 2166 594 2195 non
617 2150 859 2212 potuerint,
882 2150 950 2195 vel
975 2151 1063 2196 sine
1098 2168 1173 2214 spe
1213 2148 1501 2213 suscipiendae

123 2219 259 2281 prolis
284 2220 538 2265 erubuerint
573 2230 702 2281 atque
725 2219 957 2266 noluerint.
986 2220 1115 2266 Vides
1142 2239 1242 2280 ergo
1271 2237 1404 2284 quam
1428 2219 1503 2264 in-

124 2288 391 2335 considerate
411 2289 587 2353 nuptias
615 2289 858 2345 definieris,
899 2290 1087 2336 dicendo
1123 2312 1144 2334 <c
1166 2292 1249 2336 Eas
1277 2289 1395 2336 aliud
1415 2306 1503 2334 non

124 2376 210 2404 esse
244 2359 326 2405 nisi
352 2377 587 2423 corporum
615 2360 981 2408 commixtionem.
1010 2382 1030 2402 >2
1069 2361 1358 2407 Tolerabilius
1395 2360 1505 2406 forte

126 2429 314 2486 diceres,
343 2448 429 2475 non
447 2448 515 2476 eas
532 2429 734 2475 inchoari
763 2430 844 2475 nisi
877 2448 957 2493 per
975 2448 1211 2496 corporum
1235 2431 1503 2477 commixtio-

125 2517 224 2545 nem
247 2517 257 2544 :
282 2501 386 2564 quia
409 2502 600 2546 filiorum
624 2500 995 2562 procreandorum
1014 2519 1144 2548 causa
1168 2503 1319 2565 utique
1336 2501 1506 2546 ducun-

127 2580 199 2615 tur
214 2587 379 2626 uxores,
402 2582 445 2616 et
466 2571 589 2617 aliter
607 2586 695 2616 non
718 2582 899 2634 possunt
917 2572 997 2618 filii
1016 2573 1253 2636 procreari.
1280 2571 1365 2617 Sed
1394 2586 1504 2634 pro-

127 2641 304 2687 creandi
321 2658 449 2688 causa
471 2642 721 2688 connnixtio
748 2659 985 2706 corporum
1008 2643 1130 2692 aliter
1150 2660 1283 2707 quam
1308 2657 1426 2689 nunc
1445 2650 1508 2687 est

261 2729 394 2761 Cthl.
1323 2716 1384 2771 24
