1843 3190
343 345 518 376 CONTRA
550 345 777 378 summust
812 345 1117 389 PELAGIANUM,
1155 347 1243 380 mn.
1283 350 1344 381 v1.
1418 336 1507 391 451

150 419 240 466 cet,
261 410 329 458 vel
347 425 525 474 quoquo
542 410 674 456 modo
695 410 814 474 quod
831 411 895 457 illi
914 422 975 457 est
1003 429 1129 458 causa
1151 414 1380 476 peccandi.
1404 415 1514 471 Quis

149 497 248 527 vera
268 481 323 526 ab
347 482 465 526 omni
482 481 676 526 humano
690 498 813 526 sensu
839 492 926 526 tam
950 482 1004 526 sit
1028 483 1258 540 absurdus,
1294 496 1343 530 ut
1364 484 1482 530 dicat
1498 521 1511 541 ,

148 554 334 614 Propter
360 551 448 596 hoc
466 550 569 596 fecit
592 551 727 596 homo
752 552 829 596 iste
848 551 1133 598 homicidium
1149 590 1159 610 ‚
1183 555 1287 618 quia
1308 555 1356 600 in
1382 571 1515 618 para*

149 620 242 666 diso
265 620 405 666 Adam
425 620 479 665 de
502 620 617 680 ligno
650 621 874 683 prohibito
899 622 1047 667 cibum
1076 624 1282 686 sumpsit3
1314 641 1416 670 cum
1440 626 1516 670 iste

150 689 452 735 latrocinando
469 690 680 735 occiderit
696 691 920 735 hominem
942 691 1054 736 nihil
1073 691 1127 737 de
1146 693 1285 738 Adam
1301 695 1514 753 cogitans,

149 759 222 805 sed
246 769 423 822 propter
441 758 527 804 hoc
554 769 601 804 ut
626 776 778 805 aurum
806 759 927 822 quod
952 759 1116 806 ferebat
1137 761 1353 809 auferret?
1380 764 1452 808 Sic
1474 773 1518 808 et

149 839 306 874 c-aetera
326 839 484 874 cuncta
509 839 708 890 peccata,
733 845 832 891 quae
858 830 1038 892 propria
1059 831 1241 893 quisque
1261 832 1514 889 committit,

148 898 314 944 habent
336 911 483 944 causas
509 909 690 962 propter
720 916 826 962 quas
846 899 979 955 fiant,
1003 900 1132 946 etiarn
1155 903 1188 948 si
1208 920 1334 948 nemo
1356 912 1514 962 cogitet

148 968 266 1031 quod
286 968 358 1014 ille
389 969 557 1031 primus
593 969 727 1014 homo
751 969 999 1025 commisit,
1039 986 1179 1034 neque
1208 972 1319 1018 illud
1354 973 1438 1018 sibi
1462 971 1518 1018 ad

147 1038 420 1101 peccandum
458 1050 679 1102 proponat
714 1038 972 1101 exemplum.
1011 1041 1196 1104 Propter
1221 1042 1307 1088 hoc
1334 1042 1479 1105 itaque
1502 1078 1515 1099 ‚

147 1108 194 1154 id
213 1120 276 1155 est
296 1146 307 1165 ‚
334 1110 541 1173 quoniam
559 1111 757 1173 peccavit
782 1109 920 1156 Adam
938 1146 950 1165 ‚
977 1127 1057 1156 nec
1078 1112 1169 1174 ipse
1189 1113 1298 1158 Cain
1321 1129 1520 1175 peccasse

148 1178 361 1225 dicendus
380 1191 465 1237 est,
490 1181 565 1242 qui
590 1180 792 1226 eumdem
812 1190 982 1242 patrem
1002 1195 1127 1226 suum
1152 1193 1344 1228 noverat.
1370 1183 1523 1244 Prop-

144 1260 213 1295 ter
233 1250 340 1313 quid
363 1251 477 1296 enim
499 1250 677 1296 fratrem
702 1267 828 1296 suum
854 1250 1065 1296 occiderit
1080 1287 1091 1306 ,
1121 1262 1275 1297 notum
1299 1263 1359 1297 est
1383 1270 1395 1297 t
1420 1253 1526 1316 quia

148 1337 235 1366 non
256 1331 439 1383 propter
460 1320 547 1366 hoc
569 1320 688 1384 quod
708 1319 978 1383 perpetravit
1002 1320 1143 1366 Adam
1160 1358 1173 1378 ,
1193 1321 1265 1367 sed
1286 1322 1390 1385 quia
1406 1323 1525 1368 bono

153 1393 246 1449 ejus
264 1390 437 1437 invidit.

214 1459 414 1506 LXXVI.
445 1459 647 1521 Denique
666 1476 746 1505 nec
772 1459 866 1522 ipsa
888 1460 971 1505 tibi
991 1460 1044 1505 ad
1067 1460 1187 1506 hunc
1211 1472 1402 1508 vestrum
1425 1478 1526 1507 sen—

142 1540 242 1575 sum
260 1546 360 1592 quae
380 1530 563 1593 posuisti
586 1529 830 1575 testimonia
848 1531 1150 1590 suffragantur.
1177 1533 1311 1577 Recte
1328 1533 1442 1577 enim
1457 1532 1530 1577 di-·-

144 1599 279 1654 citur‚
294 1602 379 1645 «In
401 1616 489 1662 quo
507 1600 684 1659 corrigit
699 1600 853 1659 junior
867 1601 980 1646 viam
1005 1617 1125 1646 suam
1149 1618 1195 1645 z»
1219 1612 1399 1664 propter
1413 1601 1524 1665 quid

147 1669 353 1728 corrigit?
406 1670 615 1733 quoniam
651 1670 844 1732 sequitur
861 1707 872 1726 ‚
920 1691 940 1712 «
964 1675 1014 1715 In
1070 1671 1354 1717 custodiendo
1391 1673 1525 1717 verba

148 1761 169 1782 »
182 1739 329 1786 mast.»
341 1741 526 1804 Propter
546 1740 634 1786 hoc
652 1740 766 1785 enim
783 1741 960 1801 corrigit
979 1742 1093 1786 viam
1111 1758 1249 1797 suam,
1271 1742 1374 1805 quia
1389 1742 1523 1788 verba

149 1810 229 1856 Dei
248 1811 359 1856 sicut
376 1810 609 1871 cogitanda
625 1821 726 1856 sunt
747 1811 934 1870 cogitat,
971 1822 1012 1857 et
1046 1811 1278 1871 cogitando
1296 1812 1484 1858 custodit
1505 1849 1517 1868 ‚

149 1880 436 1926 custodiendo
466 1891 580 1926 recte
609 1880 731 1926 vivit.
769 1881 869 1941 Ipsa
899 1898 998 1940 ergo
1021 1881 1084 1925 illi
1107 1898 1235 1926 causa
1257 1892 1319 1926 est
1338 1892 1386 1927 ut
1407 1881 1524 1927 viam

150 1966 271 1995 suam
293 1951 496 2009 corrigat,
522 1949 628 2013 quia
648 1949 728 1994 Dei
751 1949 883 1993 verba
899 1949 1102 1996 custodit.
1129 1951 1185 1995 Et
1207 1951 1326 2013 quod
1341 1951 1399 1996 ait
1412 1951 1521 1996 bea-

149 2020 337 2065 tissimus
360 2020 632 2083 Stephanus,
657 2019 820 2078 «Fugit
842 2021 1009 2083 Moyses
1026 2021 1072 2065 in
1091 2020 1223 2065 verbo
1248 2021 1332 2066 hoc
1350 2038 1360 2065 :
1377 2042 1396 2062 >2
1412 2021 1522 2066 bene

150 2089 428 2149 intelligitur,
458 2111 479 2131 κ
503 2091 690 2152 Propter
711 2090 892 2135 verbum
931 2090 1079 2135 h0c2:
1108 2110 1127 2131 >³
1154 2090 1255 2153 quia
1280 2091 1368 2136 hoc
1392 2091 1521 2136 audi-

150 2160 241 2214 vit,
267 2162 353 2205 hoc
383 2160 558 2214 timuit,
586 2160 672 2204 hoc
698 2159 905 2217 cogitavit
925 2170 974 2204 ut
996 2159 1185 2218 fugeret,
1222 2160 1321 2207 haec
1353 2160 1416 2205 illi
1437 2160 1521 2206 fuit

152 2245 280 2274 causa
299 2229 507 2289 fugiendi.
535 2228 762 2291 Numquid
785 2226 831 2273 111
854 2229 923 2273 his
938 2228 1232 2274 locutionibus
1252 2229 1416 2292 aliquid
1429 2230 1521 2275 dic-

152 2308 245 2343 tum
267 2309 346 2354 est,
375 2299 495 2362 quod
513 2299 725 2361 pertineat
749 2298 803 2343 ad
824 2298 1127 2350 imitationem,
1150 2316 1237 2361 qua
1255 2299 1314 2344 sic
1338 2300 1520 2346 alterum

153 2369 259 2414 alter
280 2370 494 2424 imitatur,
516 2380 564 2415 ut
586 2385 685 2414 eum
704 2369 882 2414 omnino
894 2386 980 2413 non
1001 2369 1159 2428 cogitet
1183 2387 1193 2413 :
1222 2380 1265 2415 et
1282 2369 1379 2415 ideo
1396 2371 1518 2416 nullo

153 2439 283 2484 modo
305 2439 391 2485 dici
416 2440 551 2502 possit
568 2450 750 2501 propter
775 2439 862 2483 1106
885 2455 1085 2501 peccasse
1103 2474 1113 2493 ‚
1138 2439 1242 2502 quia
1264 2439 1336 2484 ille
1358 2457 1519 2502 pecca-

153 2511 235 2565 vit,
252 2511 298 2555 in
321 2526 407 2572 quo
431 2526 509 2554 nec
535 2507 800 2567 originaliter
823 2507 921 2563 fuit,
941 2524 1020 2553 nec
1044 2506 1098 2552 de
1119 2507 1194 2554 illo
1208 2508 1452 2571 quidquam
1475 2509 1522 2554 in

153 2590 334 2644 peccato
353 2579 536 2642 proprio
553 2578 796 2637 cogitavit?

204 2665 216 2688 ²
237 2663 319 2697 Psal.
336 2671 455 2700 cxv111‚
476 2671 509 2702 9.
523 2657 596 2684 ——2
610 2661 683 2695 Act.
699 2669 761 2703 vn,
782 2670 839 2701 29.

1324 2727 1398 2772 29.
