1843 3190
6 1089 18 1890 -*5<2„..;.—-2-.,...,.4..„-.-⁶-,—,——-——w
10 772 19 1089 ——-—-.-
14 732 18 747 ..
9 617 19 715 ,ὗ-...ι,-
14 591 17 602 -
14 533 18 569 ,.,
12 486 19 504 ς,
11 381 14 392 -
16 275 20 352 ,ἢ
18 167 21 225 -ὶ-μ

0 3046 11 3190 ..---Τ
0 3134 5 3147 ·“
0 3110 4 3122 ··
0 2865 14 3040 ,ἑή-..Α
0 2767 12 2864 4--,’
0 2401 13 2763 ⁴-.‘1;..1...u—Q
2 2249 13 2401 q—-‘
2 2260 4 2282 ⁴-
2 2139 13 2248 -,.·
2 2179 3 2182 ⁴
2 1999 13 2136 m*
2 1894 13 1998 ‘-<..;s:-

283 305 456 336 CONTRA
489 303 714 336 JULIANUM
749 303 1052 344 PELAGIANUM,
1091 302 1178 333 ΠΒ.
1220 304 1288 334 ΙΙΙ.
1366 305 1454 351 217

90 371 332 418 hementius
354 382 395 417 et
410 371 611 417 invictius
631 369 890 415 concitetur.
915 368 1011 413 Hoc
1033 367 1165 427 igitur
1184 367 1315 424 malo,
1337 367 1459 432 quod

88 442 255 488 indicat
278 442 437 487 malum
466 458 568 497 esse,
599 440 687 485 sive
711 440 787 502 qui
806 439 1007 485 adversus
1023 438 1133 484 illud
1151 438 1332 484 dimicat
1347 474 1357 493 ,
1380 438 1465 483 sive

89 528 216 575 quem
235 513 440 571 subjugat
456 531 467 564 3
485 522 526 555 et
546 527 701 573 parens
718 510 828 555 bene
850 509 1003 563 utitur,
1029 525 1128 554 cum
1149 507 1309 572 pudice
1326 507 1465 553 filium

91 582 250 641 gignit3
274 592 314 626 et
342 583 472 636 Deus,
496 598 595 626 cum
622 579 804 643 provide
827 579 1048 625 hominem
1076 578 1241 625 condit.

154 652 296 697 XLll.
331 651 457 695 Nunc
481 667 579 710 ergo
604 648 846 705 considera,
871 665 974 708 rogo
992 658 1062 702 te;
1088 665 1226 704 nunc,
1257 648 1454 711 inquam,

88 732 138 766 ut
178 731 218 765 te
257 720 484 765 salubriter
504 720 657 765 veritas
687 719 857 774 vincat,
901 718 1095 782 deposita
1133 717 1336 763 vincendi
1376 734 1459 763 cu-

87 790 268 852 piditate
312 789 559 846 considera,
616 799 762 834 utrum
790 799 948 833 nostrae
966 825 976 842 ,
1022 805 1076 833 an
1109 798 1197 833 tuae
1237 787 1459 833 sententiae

88 860 244 905 debeas
274 860 555 922 acquiescere.
590 860 721 912 Bene,
759 858 879 922 quod
900 879 920 900 α
942 858 1137 904 Breviter
1171 857 1403 903 admonere
1422 867 1462 903 te

88 929 213 978 dicis,
242 940 289 974 ut
306 929 478 974 lectoris
508 929 676 993 pectori
698 929 879 984 haereat,
908 928 1026 991 quod
1052 939 1143 974 toto
1167 928 1282 974 libro
1303 928 1378 973 abs
1423 938 1462 973 te

83 1009 252 1058 gestum
278 1009 353 1044 est.
394 1001 450 1043 Et
485 1016 585 1062 quae
610 999 664 1044 sit
688 999 781 1061 ipsa
805 1000 948 1044 brevis
979 999 1235 1054 admonitio,
1263 997 1461 1043 subinfe-

87 1085 196 1114 rens.
218 1090 237 1109 «
258 1068 638 1131 Concupiscentiae
652 1068 944 1132 naturalisqui
957 1068 1136 1114 modum
1153 1078 1282 1124 tenet,
1298 1066 1459 1130 inquis,

86 1142 205 1187 bono
224 1141 333 1186 bene
358 1142 518 1197 utitur3
544 1141 621 1204 qui
641 1140 822 1186 modum
848 1158 935 1186 non
956 1151 1089 1195 tenet,
1106 1141 1224 1185 bono
1243 1140 1352 1185 male
1372 1139 1460 1185 uti-

87 1223 190 1257 tur:
218 1211 295 1275 qui
319 1222 462 1257 autem
486 1212 613 1257 etiam
640 1213 784 1275 ipsum
816 1212 994 1257 modum
1020 1222 1180 1257 sanctae
1204 1209 1462 1271 virginitatis

88 1299 231 1327 amore
250 1283 576 1345 contempserit,
593 1283 710 1328 bono
724 1282 874 1328 melius
896 1300 982 1328 non
1008 1282 1146 1327 utitur
1165 1300 1175 1326 ε
1195 1280 1459 1327 confidentia

81 1353 247 1415 quippo
264 1368 354 1397 suae
373 1352 537 1408 salutis,
562 1353 725 1416 inquis,
748 1363 789 1397 et
815 1353 1000 1407 roboris,
1034 1351 1298 1414 contempsit
1325 1366 1458 1395 reme-

86 1421 158 1467 dia
192 1432 239 1467 ut
259 1421 441 1481 gloriosa
463 1433 606 1485 posset
622 1439 812 1468 exercere
836 1423 1086 1468 certamina.
1113 1444 1132 1463 >2
1164 1423 1254 1480 Ego
1276 1437 1376 1466 vero
1400 1419 1461 1464 sic

86 1491 141 1537 ad
166 1503 236 1537 tua
257 1492 336 1537 ista
361 1492 599 1555 respondeo
623 1510 632 1537 z
663 1493 1042 1556 Concupiscentiae
1065 1491 1248 1538 carnalis
1264 1491 1340 1554 qui
1364 1506 1461 1535 mo-

86 1562 190 1607 dum
228 1572 358 1617 tenet,
403 1562 517 1608 malo
541 1563 652 1608 bene
683 1563 845 1619 utitur;
887 1563 963 1626 qui
995 1563 1176 1609 modum
1216 1579 1304 1606 non
1328 1570 1458 1616 tenet,

85 1631 200 1676 malo
223 1631 334 1676 male
353 1632 492 1677 utitur
506 1652 516 1685 ;
532 1632 609 1695 qui
634 1643 775 1678 autem
791 1633 919 1678 etiam
944 1633 1088 1695 ipsum
1108 1631 1286 1677 modum
1302 1640 1462 1676 sanctae

85 1700 344 1760 virginitatis
369 1719 512 1747 amore
532 1703 855 1766 contempserit,
885 1703 998 1747 malo
1016 1702 1166 1748 meiius
1186 1718 1274 1746 non
1298 1701 1457 1746 utitur:

87 1771 348 1816 confidentia
376 1771 543 1835 quippe
566 1771 728 1818 divinae
752 1772 1048 1836 opitulationis
1075 1783 1115 1817 et
1138 1772 1325 1816 muneris
1350 1788 1459 1816 con·

87 1841 261 1903 tempsit
298 1842 472 1887 infirma
494 1842 680 1888 remedia
703 1880 714 1898 ,
742 1854 791 1888 ut
822 1843 1071 1902 gloriosiora
1095 1852 1240 1905 posset
1270 1857 1460 1886 exercere

86 1911 335 1957 certamina.
384 1912 437 1956 In
459 1912 546 1957 hac
583 1913 875 1959 controversia
910 1912 963 1958 de
1002 1914 1112 1958 bene
1155 1910 1313 1956 utendo
1351 1911 1430 1956 isto
1445 1948 1456 1965 ,

86 1991 234 2026 utrum
258 1982 380 2027 bono
404 1999 459 2027 an
496 1982 642 2039 malo,
672 1994 761 2030 tota
788 1984 899 2029 inter
933 2000 1009 2028 nos
1031 2000 1157 2029 causa
1182 1992 1385 2028 versatur.
1410 1985 1462 2027 In

86 2067 172 2113 qua
192 2051 344 2097 vellem
366 2052 544 2116 quidem
567 2055 755 2113 egregios
767 2054 936 2114 judices
959 2071 1047 2099 non
1060 2053 1327 2118 repudiares,
1353 2069 1462 2129 quos

87 2121 166 2166 tibi
185 2121 288 2166 meis
317 2122 614 2185 superioribus
630 2123 753 2169 libris
790 2142 890 2170 sana
913 2124 1110 2170 doctrina
1134 2124 1343 2178 eruditos,
1373 2123 1460 2168 sine

86 2190 175 2236 ullo
214 2190 357 2236 studio
391 2192 585 2255 partium
615 2193 668 2239 de
692 2194 776 2240 hac
796 2211 926 2240 causa
968 2195 1196 2240 sententias
1231 2193 1460 2258 protulisse

84 2261 335 2308 monstravi.
368 2262 453 2308 Sed
477 2263 716 2326 quoniam,
754 2266 787 2310 si
825 2275 866 2309 te
889 2281 978 2309 non
999 2265 1242 2321 correxeris,
1266 2265 1462 2328 ipsorum

83 2348 259 2394 quoque
281 2332 621 2389 accusationem,
645 2333 729 2390 vel,
752 2344 801 2380 ut
823 2334 970 2379 mitius
991 2334 1192 2391 dixerim,
1220 2334 1460 2398 reprehen-

83 2402 245 2447 sionem
268 2402 357 2448 sine
371 2402 508 2449 dubio
526 2405 826 2467 praeparabis;
850 2416 890 2451 te
908 2406 1053 2469 potius
1079 2417 1174 2452 utar
1189 2406 1355 2466 judice,
1379 2422 1458 2468 pro

82 2489 176 2518 mea
197 2475 406 2519 sententia
424 2485 576 2520 contra
607 2486 727 2521 tuam
756 2494 766 2522 :
789 2494 877 2521 non
902 2476 1067 2522 alicubi
1091 2476 1214 2533 alibi,
1235 2476 1369 2523 sedin
1389 2492 1460 2520 eo-

83 2542 181 2588 dem
199 2543 312 2589 libro
341 2555 432 2601 tuo,
459 2563 538 2591 nec
562 2549 652 2605 ejtls
666 2547 768 2602 alio,
790 2548 862 2593 sed
886 2548 981 2610 ipso
998 2547 1110 2594 loco.
1135 2547 1288 2593 Dixisti
1311 2546 1452 2592 enim:

84 2633 104 2652 α
125 2613 328 2660 Sanctam
353 2614 642 2674 virginitatem
674 2617 939 2664 confidentia
960 2634 1049 2664 suae
1071 2617 1216 2672 salutis
1234 2628 1274 2663 et
1291 2617 1460 2674 roboris
