<?xml version="1.0" encoding="UTF-8"?>
<!DOCTYPE html PUBLIC "-//W3C//DTD XHTML 1.0 Transitional//EN"
    "http://www.w3.org/TR/xhtml1/DTD/xhtml1-transitional.dtd">
<html xmlns="http://www.w3.org/1999/xhtml" xml:lang="en" lang="en">
 <head>
  <title>
</title>
<meta http-equiv="Content-Type" content="text/html;charset=utf-8" />
  <meta name='ocr-system' content='tesseract 3.04.00' />
  <meta name='ocr-capabilities' content='ocr_page ocr_carea ocr_par ocr_line ocrx_word'/>
</head>
<body>
  <div class='ocr_page' id='page_1' title='image "./operaomniaaccura35auguuoft/operaomniaaccura35auguuoft_0479.png"; bbox 0 0 1843 3190; ppageno 0'>
   <div class='ocr_carea' id='block_1_1' title="bbox 363 350 1539 413">
    <p class='ocr_par' dir='ltr' id='par_1_1' title="bbox 363 350 1539 413">
     <span class='ocr_line' id='line_1_1' title="bbox 363 350 1539 413; baseline 0.008 -26"><span class='ocrx_word' id='word_1_1' title='bbox 363 357 493 388; x_wconf 77' lang='lat' dir='ltr'>LIBER</span> <span class='ocrx_word' id='word_1_2' title='bbox 531 358 586 388; x_wconf 81' lang='lat' dir='ltr'>DE</span> <span class='ocrx_word' id='word_1_3' title='bbox 624 357 788 389; x_wconf 75' lang='lat' dir='ltr'><strong>GRAnA</strong></span> <span class='ocrx_word' id='word_1_4' title='bbox 822 360 875 390; x_wconf 82' lang='lat' dir='ltr'>ET</span> <span class='ocrx_word' id='word_1_5' title='bbox 910 360 1072 392; x_wconf 68' lang='lat' dir='ltr'>nmmo</span> <span class='ocrx_word' id='word_1_6' title='bbox 1109 360 1337 394; x_wconf 74' lang='lat' dir='ltr'><strong>ARBITRIO.</strong></span> <span class='ocrx_word' id='word_1_7' title='bbox 1443 350 1539 413; x_wconf 66' lang='grc'>469</span> 
     </span>
    </p>
   </div>
   <div class='ocr_carea' id='block_1_2' title="bbox 165 421 1547 2595">
    <p class='ocr_par' dir='ltr' id='par_1_2' title="bbox 165 421 1544 1098">
     <span class='ocr_line' id='line_1_2' title="bbox 171 421 1538 487; baseline 0.006 -20"><span class='ocrx_word' id='word_1_8' title='bbox 171 421 355 467; x_wconf 89' lang='lat' dir='ltr'>discedit</span> <span class='ocrx_word' id='word_1_9' title='bbox 378 439 454 467; x_wconf 90' lang='lat' dir='ltr'>cor</span> <span class='ocrx_word' id='word_1_10' title='bbox 467 426 569 482; x_wconf 86' lang='lat' dir='ltr'>ejus.</span> <span class='ocrx_word' id='word_1_11' title='bbox 606 445 626 464; x_wconf 84' lang='grc'><em>»</em></span> <span class='ocrx_word' id='word_1_12' title='bbox 652 424 768 469; x_wconf 78' lang='lat' dir='ltr'>Talis</span> <span class='ocrx_word' id='word_1_13' title='bbox 786 436 847 469; x_wconf 91' lang='lat' dir='ltr'>est</span> <span class='ocrx_word' id='word_1_14' title='bbox 862 425 1037 472; x_wconf 78' lang='lat' dir='ltr'>haeresis</span> <span class='ocrx_word' id='word_1_15' title='bbox 1055 427 1303 487; x_wconf 81' lang='lat' dir='ltr'>Pelagiana‚</span> <span class='ocrx_word' id='word_1_16' title='bbox 1321 446 1409 474; x_wconf 87' lang='lat' dir='ltr'>non</span> <span class='ocrx_word' id='word_1_17' title='bbox 1431 429 1538 475; x_wconf 86' lang='lat' dir='ltr'>anti-</span> 
     </span>
     <span class='ocr_line' id='line_1_3' title="bbox 167 491 1540 561; baseline 0.006 -25"><span class='ocrx_word' id='word_1_18' title='bbox 167 508 278 555; x_wconf 83' lang='lat' dir='ltr'>qua,</span> <span class='ocrx_word' id='word_1_19' title='bbox 310 491 383 537; x_wconf 85' lang='lat' dir='ltr'>sed</span> <span class='ocrx_word' id='word_1_20' title='bbox 409 503 505 536; x_wconf 79' lang='lat' dir='ltr'>ante</span> <span class='ocrx_word' id='word_1_21' title='bbox 528 509 614 537; x_wconf 89' lang='lat' dir='ltr'>non</span> <span class='ocrx_word' id='word_1_22' title='bbox 633 493 818 539; x_wconf 88' lang='lat' dir='ltr'>multum</span> <span class='ocrx_word' id='word_1_23' title='bbox 844 505 1012 557; x_wconf 91' lang='lat' dir='ltr'>tempus</span> <span class='ocrx_word' id='word_1_24' title='bbox 1035 507 1207 541; x_wconf 86' lang='lat' dir='ltr'>exorta:</span> <span class='ocrx_word' id='word_1_25' title='bbox 1236 509 1388 543; x_wconf 87' lang='lat' dir='ltr'>contra</span> <span class='ocrx_word' id='word_1_26' title='bbox 1407 516 1540 561; x_wconf 80' lang='lat' dir='ltr'>quam</span> 
     </span>
     <span class='ocr_line' id='line_1_4' title="bbox 168 561 1544 627; baseline 0.007 -22"><span class='ocrx_word' id='word_1_27' title='bbox 168 562 369 607; x_wconf 82' lang='lat' dir='ltr'>haeresim</span> <span class='ocrx_word' id='word_1_28' title='bbox 386 579 487 607; x_wconf 88' lang='lat' dir='ltr'>cum</span> <span class='ocrx_word' id='word_1_29' title='bbox 510 561 658 608; x_wconf 85' lang='lat' dir='ltr'>fuisset</span> <span class='ocrx_word' id='word_1_30' title='bbox 682 563 846 609; x_wconf 85' lang='lat' dir='ltr'>diutius</span> <span class='ocrx_word' id='word_1_31' title='bbox 859 565 1147 627; x_wconf 79' lang='lat' dir='ltr'>disputatum,</span> <span class='ocrx_word' id='word_1_32' title='bbox 1173 567 1298 612; x_wconf 84' lang='lat' dir='ltr'>etiam</span> <span class='ocrx_word' id='word_1_33' title='bbox 1320 569 1375 613; x_wconf 81' lang='lat' dir='ltr'>ad</span> <span class='ocrx_word' id='word_1_34' title='bbox 1396 570 1544 615; x_wconf 88' lang='lat' dir='ltr'>conci-</span> 
     </span>
     <span class='ocr_line' id='line_1_5' title="bbox 166 631 1540 698; baseline 0.007 -22"><span class='ocrx_word' id='word_1_35' title='bbox 166 631 223 676; x_wconf 81' lang='lat' dir='ltr'>lia</span> <span class='ocrx_word' id='word_1_36' title='bbox 243 632 507 694; x_wconf 81' lang='lat' dir='ltr'>episcopalia</span> <span class='ocrx_word' id='word_1_37' title='bbox 533 633 759 678; x_wconf 72' lang='lat' dir='ltr'>novissima</span> <span class='ocrx_word' id='word_1_38' title='bbox 776 634 1024 680; x_wconf 74' lang='lat' dir='ltr'>necessitate</span> <span class='ocrx_word' id='word_1_39' title='bbox 1039 648 1296 698; x_wconf 84' lang='lat' dir='ltr'>perventum</span> <span class='ocrx_word' id='word_1_40' title='bbox 1316 649 1402 691; x_wconf 79' lang='lat' dir='ltr'>est3</span> <span class='ocrx_word' id='word_1_41' title='bbox 1425 640 1540 686; x_wconf 91' lang='lat' dir='ltr'>unde</span> 
     </span>
     <span class='ocr_line' id='line_1_6' title="bbox 169 702 1534 768; baseline 0.007 -23"><span class='ocrx_word' id='word_1_42' title='bbox 169 702 292 746; x_wconf 85' lang='lat' dir='ltr'>vobis</span> <span class='ocrx_word' id='word_1_43' title='bbox 316 719 401 746; x_wconf 87' lang='lat' dir='ltr'>non</span> <span class='ocrx_word' id='word_1_44' title='bbox 423 702 597 763; x_wconf 84' lang='lat' dir='ltr'>quidem</span> <span class='ocrx_word' id='word_1_45' title='bbox 617 704 779 756; x_wconf 73' lang='lat' dir='ltr'>omnia,</span> <span class='ocrx_word' id='word_1_46' title='bbox 803 721 844 748; x_wconf 89' lang='lat' dir='ltr'>se</span> <span class='ocrx_word' id='word_1_47' title='bbox 867 715 1006 749; x_wconf 80' lang='lat' dir='ltr'>tamen</span> <span class='ocrx_word' id='word_1_48' title='bbox 1028 705 1172 768; x_wconf 75' lang='lat' dir='ltr'>aliqua</span> <span class='ocrx_word' id='word_1_49' title='bbox 1190 706 1367 766; x_wconf 79' lang='lat' dir='ltr'>legenda</span> <span class='ocrx_word' id='word_1_50' title='bbox 1388 709 1534 756; x_wconf 77' lang='lat' dir='ltr'>direxi.</span> 
     </span>
     <span class='ocr_line' id='line_1_7' title="bbox 169 771 1543 836; baseline 0.007 -21"><span class='ocrx_word' id='word_1_51' title='bbox 169 772 256 816; x_wconf 84' lang='lat' dir='ltr'>Nos</span> <span class='ocrx_word' id='word_1_52' title='bbox 272 788 372 830; x_wconf 80' lang='lat' dir='ltr'>ergo</span> <span class='ocrx_word' id='word_1_53' title='bbox 392 771 446 815; x_wconf 75' lang='lat' dir='ltr'>ad</span> <span class='ocrx_word' id='word_1_54' title='bbox 468 772 581 816; x_wconf 85' lang='lat' dir='ltr'>bene</span> <span class='ocrx_word' id='word_1_55' title='bbox 599 773 866 834; x_wconf 71' lang='lat' dir='ltr'>operandum</span> <span class='ocrx_word' id='word_1_56' title='bbox 892 791 1010 836; x_wconf 81' lang='lat' dir='ltr'>spem</span> <span class='ocrx_word' id='word_1_57' title='bbox 1032 792 1119 820; x_wconf 89' lang='lat' dir='ltr'>non</span> <span class='ocrx_word' id='word_1_58' title='bbox 1144 776 1383 822; x_wconf 75' lang='lat' dir='ltr'>habeamus</span> <span class='ocrx_word' id='word_1_59' title='bbox 1402 778 1444 822; x_wconf 88' lang='lat' dir='ltr'>in</span> <span class='ocrx_word' id='word_1_60' title='bbox 1463 779 1543 824; x_wconf 89' lang='lat' dir='ltr'>ho-</span> 
     </span>
     <span class='ocr_line' id='line_1_8' title="bbox 167 841 1544 898; baseline 0.006 -13"><span class='ocrx_word' id='word_1_61' title='bbox 167 841 308 894; x_wconf 88' lang='lat' dir='ltr'>mine;</span> <span class='ocrx_word' id='word_1_62' title='bbox 348 842 567 886; x_wconf 82' lang='lat' dir='ltr'>firmantes</span> <span class='ocrx_word' id='word_1_63' title='bbox 592 860 764 888; x_wconf 83' lang='lat' dir='ltr'>carnem</span> <span class='ocrx_word' id='word_1_64' title='bbox 799 844 970 889; x_wconf 76' lang='lat' dir='ltr'>brachii</span> <span class='ocrx_word' id='word_1_65' title='bbox 1005 846 1162 898; x_wconf 80' lang='lat' dir='ltr'>nostri3</span> <span class='ocrx_word' id='word_1_66' title='bbox 1203 863 1280 891; x_wconf 84' lang='lat' dir='ltr'>nec</span> <span class='ocrx_word' id='word_1_67' title='bbox 1305 865 1326 891; x_wconf 84' lang='lat' dir='ltr'>a</span> <span class='ocrx_word' id='word_1_68' title='bbox 1355 848 1544 893; x_wconf 89' lang='lat' dir='ltr'>Domino</span> 
     </span>
     <span class='ocr_line' id='line_1_9' title="bbox 167 911 1540 975; baseline 0.005 -19"><span class='ocrx_word' id='word_1_69' title='bbox 167 911 361 957; x_wconf 76' lang='lat' dir='ltr'>discedat</span> <span class='ocrx_word' id='word_1_70' title='bbox 381 928 456 956; x_wconf 87' lang='lat' dir='ltr'>cor</span> <span class='ocrx_word' id='word_1_71' title='bbox 480 923 697 969; x_wconf 80' lang='lat' dir='ltr'>nostrum3</span> <span class='ocrx_word' id='word_1_72' title='bbox 721 914 795 959; x_wconf 89' lang='lat' dir='ltr'>sed</span> <span class='ocrx_word' id='word_1_73' title='bbox 812 914 848 958; x_wconf 88' lang='lat' dir='ltr'>ei</span> <span class='ocrx_word' id='word_1_74' title='bbox 866 914 983 959; x_wconf 77' lang='lat' dir='ltr'>dicat</span> <span class='ocrx_word' id='word_1_75' title='bbox 1004 932 1014 958; x_wconf 75' lang='grc' dir='ltr'>ε</span> <span class='ocrx_word' id='word_1_76' title='bbox 1046 937 1066 956; x_wconf 88' lang='grc'>«</span> <span class='ocrx_word' id='word_1_77' title='bbox 1089 915 1170 975; x_wconf 83' lang='lat' dir='ltr'>Adj</span> <span class='ocrx_word' id='word_1_78' title='bbox 1180 927 1277 961; x_wconf 87' lang='lat' dir='ltr'>utor</span> <span class='ocrx_word' id='word_1_79' title='bbox 1298 934 1415 962; x_wconf 86' lang='lat' dir='ltr'>meus</span> <span class='ocrx_word' id='word_1_80' title='bbox 1433 929 1540 972; x_wconf 89' lang='lat' dir='ltr'>esto,</span> 
     </span>
     <span class='ocr_line' id='line_1_10' title="bbox 167 981 1544 1047; baseline 0.006 -23"><span class='ocrx_word' id='word_1_81' title='bbox 167 1002 187 1022; x_wconf 72' lang='lat'>&gt;2</span> <span class='ocrx_word' id='word_1_82' title='bbox 212 998 265 1026; x_wconf 86' lang='lat' dir='ltr'>ne</span> <span class='ocrx_word' id='word_1_83' title='bbox 307 981 581 1044; x_wconf 79' lang='lat' dir='ltr'>derelinquas</span> <span class='ocrx_word' id='word_1_84' title='bbox 618 1001 710 1039; x_wconf 76' lang='lat' dir='ltr'>me,</span> <span class='ocrx_word' id='word_1_85' title='bbox 750 1000 887 1046; x_wconf 86' lang='lat' dir='ltr'>neque</span> <span class='ocrx_word' id='word_1_86' title='bbox 919 984 1128 1047; x_wconf 81' lang='lat' dir='ltr'>despicias</span> <span class='ocrx_word' id='word_1_87' title='bbox 1154 1002 1237 1042; x_wconf 82' lang='lat' dir='ltr'>me,</span> <span class='ocrx_word' id='word_1_88' title='bbox 1273 989 1389 1031; x_wconf 88' lang='lat' dir='ltr'>Deus</span> <span class='ocrx_word' id='word_1_89' title='bbox 1423 987 1544 1032; x_wconf 84' lang='lat' dir='ltr'>salu-</span> 
     </span>
     <span class='ocr_line' id='line_1_11' title="bbox 165 1052 546 1098; baseline 0.01 -4"><span class='ocrx_word' id='word_1_90' title='bbox 165 1072 187 1093; x_wconf 83' lang='lat'>»</span> <span class='ocrx_word' id='word_1_91' title='bbox 210 1052 313 1096; x_wconf 71' lang='lat' dir='ltr'>turis</span> <span class='ocrx_word' id='word_1_92' title='bbox 341 1069 458 1096; x_wconf 91' lang='lat' dir='ltr'>meus</span> <span class='ocrx_word' id='word_1_93' title='bbox 477 1052 510 1098; x_wconf 71' lang='lat'>1.</span> <span class='ocrx_word' id='word_1_94' title='bbox 527 1074 546 1093; x_wconf 72' lang='lat'>2&gt;</span> 
     </span>
    </p>

    <p class='ocr_par' dir='ltr' id='par_1_3' title="bbox 165 1121 1547 2595">
     <span class='ocr_line' id='line_1_12' title="bbox 220 1121 1544 1187; baseline 0.003 -21"><span class='ocrx_word' id='word_1_95' title='bbox 220 1121 320 1167; x_wconf 91' lang='lat' dir='ltr'><strong>VII.</strong></span> <span class='ocrx_word' id='word_1_96' title='bbox 347 1122 554 1178; x_wconf 74' lang='lat' dir='ltr'>Proinde,</span> <span class='ocrx_word' id='word_1_97' title='bbox 572 1123 832 1179; x_wconf 77' lang='lat' dir='ltr'>charissimi,</span> <span class='ocrx_word' id='word_1_98' title='bbox 855 1125 966 1170; x_wconf 85' lang='lat' dir='ltr'>sicut</span> <span class='ocrx_word' id='word_1_99' title='bbox 980 1125 1278 1187; x_wconf 80' lang='lat' dir='ltr'>superioribus</span> <span class='ocrx_word' id='word_1_100' title='bbox 1292 1125 1544 1171; x_wconf 83' lang='lat' dir='ltr'>testimoniis</span> 
     </span>
     <span class='ocr_line' id='line_1_13' title="bbox 167 1192 1547 1257; baseline 0.002 -20"><span class='ocrx_word' id='word_1_101' title='bbox 167 1204 415 1238; x_wconf 80' lang='lat' dir='ltr'>sanctarum</span> <span class='ocrx_word' id='word_1_102' title='bbox 443 1192 768 1256; x_wconf 82' lang='lat' dir='ltr'>Ssripturarum</span> <span class='ocrx_word' id='word_1_103' title='bbox 791 1195 1094 1257; x_wconf 74' lang='lat' dir='ltr'>probavimus,</span> <span class='ocrx_word' id='word_1_104' title='bbox 1117 1195 1170 1240; x_wconf 82' lang='lat' dir='ltr'>ad</span> <span class='ocrx_word' id='word_1_105' title='bbox 1192 1195 1547 1241; x_wconf 81' lang='lat' dir='ltr'>benevivendum</span> 
     </span>
     <span class='ocr_line' id='line_1_14' title="bbox 166 1264 1543 1323; baseline 0.003 -16"><span class='ocrx_word' id='word_1_106' title='bbox 166 1274 207 1308; x_wconf 90' lang='lat' dir='ltr'>et</span> <span class='ocrx_word' id='word_1_107' title='bbox 224 1274 338 1308; x_wconf 88' lang='lat' dir='ltr'>recte</span> <span class='ocrx_word' id='word_1_108' title='bbox 363 1264 575 1323; x_wconf 80' lang='lat' dir='ltr'>agendum</span> <span class='ocrx_word' id='word_1_109' title='bbox 597 1282 682 1309; x_wconf 84' lang='lat' dir='ltr'>esse</span> <span class='ocrx_word' id='word_1_110' title='bbox 699 1265 740 1309; x_wconf 91' lang='lat' dir='ltr'>in</span> <span class='ocrx_word' id='word_1_111' title='bbox 756 1265 934 1310; x_wconf 85' lang='lat' dir='ltr'>homine</span> <span class='ocrx_word' id='word_1_112' title='bbox 950 1265 1136 1311; x_wconf 88' lang='lat' dir='ltr'>liberum</span> <span class='ocrx_word' id='word_1_113' title='bbox 1163 1265 1396 1311; x_wconf 80' lang='lat' dir='ltr'>voluntatis</span> <span class='ocrx_word' id='word_1_114' title='bbox 1421 1266 1543 1311; x_wconf 85' lang='lat' dir='ltr'>arbi-</span> 
     </span>
     <span class='ocr_line' id='line_1_15' title="bbox 166 1334 1543 1400; baseline 0.002 -22"><span class='ocrx_word' id='word_1_115' title='bbox 166 1334 296 1379; x_wconf 86' lang='lat' dir='ltr'>trium</span> <span class='ocrx_word' id='word_1_116' title='bbox 313 1353 323 1387; x_wconf 91' lang='lat'>;</span> <span class='ocrx_word' id='word_1_117' title='bbox 340 1334 400 1378; x_wconf 89' lang='lat' dir='ltr'>sic</span> <span class='ocrx_word' id='word_1_118' title='bbox 422 1334 551 1379; x_wconf 82' lang='lat' dir='ltr'>etiam</span> <span class='ocrx_word' id='word_1_119' title='bbox 574 1334 627 1380; x_wconf 89' lang='lat' dir='ltr'>de</span> <span class='ocrx_word' id='word_1_120' title='bbox 653 1337 786 1395; x_wconf 80' lang='lat' dir='ltr'>gratia</span> <span class='ocrx_word' id='word_1_121' title='bbox 811 1336 908 1391; x_wconf 88' lang='lat' dir='ltr'>Dei,</span> <span class='ocrx_word' id='word_1_122' title='bbox 938 1337 1026 1381; x_wconf 89' lang='lat' dir='ltr'>sine</span> <span class='ocrx_word' id='word_1_123' title='bbox 1053 1353 1136 1400; x_wconf 83' lang='lat' dir='ltr'>qua</span> <span class='ocrx_word' id='word_1_124' title='bbox 1160 1336 1271 1381; x_wconf 80' lang='lat' dir='ltr'>nihil</span> <span class='ocrx_word' id='word_1_125' title='bbox 1293 1336 1399 1381; x_wconf 88' lang='lat' dir='ltr'>boni</span> <span class='ocrx_word' id='word_1_126' title='bbox 1421 1353 1543 1395; x_wconf 80' lang='lat' dir='ltr'>agere</span> 
     </span>
     <span class='ocr_line' id='line_1_16' title="bbox 165 1406 1546 1469; baseline 0.002 -21"><span class='ocrx_word' id='word_1_127' title='bbox 165 1421 394 1467; x_wconf 90' lang='lat' dir='ltr'>possumus</span> <span class='ocrx_word' id='word_1_128' title='bbox 420 1441 430 1459; x_wconf 88' lang='lat'><strong><em>‚</em></strong></span> <span class='ocrx_word' id='word_1_129' title='bbox 457 1422 556 1468; x_wconf 83' lang='lat' dir='ltr'>quae</span> <span class='ocrx_word' id='word_1_130' title='bbox 579 1406 664 1450; x_wconf 86' lang='lat' dir='ltr'>sint</span> <span class='ocrx_word' id='word_1_131' title='bbox 683 1406 831 1451; x_wconf 76' lang='lat' dir='ltr'>divina</span> <span class='ocrx_word' id='word_1_132' title='bbox 848 1406 1089 1451; x_wconf 81' lang='lat' dir='ltr'>testimonia</span> <span class='ocrx_word' id='word_1_133' title='bbox 1109 1406 1345 1453; x_wconf 77' lang='lat' dir='ltr'>videamus.</span> <span class='ocrx_word' id='word_1_134' title='bbox 1374 1408 1435 1451; x_wconf 89' lang='lat' dir='ltr'>Ac</span> <span class='ocrx_word' id='word_1_135' title='bbox 1456 1407 1546 1469; x_wconf 88' lang='lat' dir='ltr'>pri-</span> 
     </span>
     <span class='ocr_line' id='line_1_17' title="bbox 166 1474 1545 1553; baseline 0.001 -34"><span class='ocrx_word' id='word_1_136' title='bbox 166 1491 286 1519; x_wconf 88' lang='lat' dir='ltr'>mum</span> <span class='ocrx_word' id='word_1_137' title='bbox 314 1474 403 1519; x_wconf 90' lang='lat' dir='ltr'>de</span> <span class='ocrx_word' id='word_1_138' title='bbox 393 1492 486 1538; x_wconf 78' lang='lat' dir='ltr'>ipsa</span> <span class='ocrx_word' id='word_1_139' title='bbox 513 1487 652 1521; x_wconf 70' lang='lat' dir='ltr'>vestr2</span> <span class='ocrx_word' id='word_1_140' title='bbox 679 1476 943 1539; x_wconf 83' lang='lat' dir='ltr'>professione</span> <span class='ocrx_word' id='word_1_141' title='bbox 978 1476 1144 1540; x_wconf 76' lang='lat' dir='ltr'>aliquid</span> <span class='ocrx_word' id='word_1_142' title='bbox 1187 1476 1346 1522; x_wconf 83' lang='lat' dir='ltr'>dicam.</span> <span class='ocrx_word' id='word_1_143' title='bbox 1396 1476 1545 1553; x_wconf 88' lang='lat' dir='ltr'>Neque</span> 
     </span>
     <span class='ocr_line' id='line_1_18' title="bbox 166 1545 1544 1609; baseline 0.001 -20"><span class='ocrx_word' id='word_1_144' title='bbox 166 1545 279 1589; x_wconf 86' lang='lat' dir='ltr'>enim</span> <span class='ocrx_word' id='word_1_145' title='bbox 302 1556 578 1605; x_wconf 62' lang='lat' dir='ltr'>congregaret</span> <span class='ocrx_word' id='word_1_146' title='bbox 609 1564 684 1591; x_wconf 78' lang='lat' dir='ltr'>vos</span> <span class='ocrx_word' id='word_1_147' title='bbox 702 1547 780 1591; x_wconf 83' lang='lat' dir='ltr'>ista</span> <span class='ocrx_word' id='word_1_148' title='bbox 799 1548 995 1600; x_wconf 77' lang='lat' dir='ltr'>societas,</span> <span class='ocrx_word' id='word_1_149' title='bbox 1021 1546 1066 1590; x_wconf 89' lang='lat' dir='ltr'>iu</span> <span class='ocrx_word' id='word_1_150' title='bbox 1083 1563 1169 1609; x_wconf 77' lang='lat' dir='ltr'>qua</span> <span class='ocrx_word' id='word_1_151' title='bbox 1189 1545 1455 1591; x_wconf 83' lang='lat' dir='ltr'>continenter</span> <span class='ocrx_word' id='word_1_152' title='bbox 1472 1546 1544 1591; x_wconf 89' lang='lat' dir='ltr'>vi-</span> 
     </span>
     <span class='ocr_line' id='line_1_19' title="bbox 166 1615 1545 1679; baseline 0 -19"><span class='ocrx_word' id='word_1_153' title='bbox 166 1615 282 1669; x_wconf 73' lang='lat' dir='ltr'>vitis,</span> <span class='ocrx_word' id='word_1_154' title='bbox 325 1616 406 1660; x_wconf 88' lang='lat' dir='ltr'>nisi</span> <span class='ocrx_word' id='word_1_155' title='bbox 430 1616 699 1679; x_wconf 71' lang='lat' dir='ltr'>xoluptatem</span> <span class='ocrx_word' id='word_1_156' title='bbox 742 1616 1015 1676; x_wconf 75' lang='lat' dir='ltr'>conjugalem</span> <span class='ocrx_word' id='word_1_157' title='bbox 1058 1615 1403 1661; x_wconf 80' lang='lat' dir='ltr'>contemneretis.</span> <span class='ocrx_word' id='word_1_158' title='bbox 1429 1615 1545 1660; x_wconf 89' lang='lat' dir='ltr'>Hinc</span> 
     </span>
     <span class='ocr_line' id='line_1_20' title="bbox 167 1684 1544 1749; baseline 0 -19"><span class='ocrx_word' id='word_1_159' title='bbox 167 1696 307 1731; x_wconf 83' lang='lat' dir='ltr'>autem</span> <span class='ocrx_word' id='word_1_160' title='bbox 337 1686 520 1731; x_wconf 89' lang='lat' dir='ltr'>Domino</span> <span class='ocrx_word' id='word_1_161' title='bbox 546 1686 851 1749; x_wconf 84' lang='lat' dir='ltr'>loquenticum</span> <span class='ocrx_word' id='word_1_162' title='bbox 867 1686 1069 1732; x_wconf 76' lang='lat' dir='ltr'>dixissent</span> <span class='ocrx_word' id='word_1_163' title='bbox 1089 1685 1295 1748; x_wconf 76' lang='lat' dir='ltr'>discipuli</span> <span class='ocrx_word' id='word_1_164' title='bbox 1317 1702 1326 1729; x_wconf 91' lang='lat'>:</span> <span class='ocrx_word' id='word_1_165' title='bbox 1346 1706 1363 1723; x_wconf 71' lang='grc' dir='ltr'>α</span> <span class='ocrx_word' id='word_1_166' title='bbox 1387 1685 1433 1730; x_wconf 87' lang='lat' dir='ltr'>Si</span> <span class='ocrx_word' id='word_1_167' title='bbox 1449 1684 1544 1730; x_wconf 84' lang='lat' dir='ltr'>talis</span> 
     </span>
     <span class='ocr_line' id='line_1_21' title="bbox 166 1755 1545 1818; baseline -0.001 -17"><span class='ocrx_word' id='word_1_168' title='bbox 166 1767 227 1801; x_wconf 88' lang='lat' dir='ltr'>est</span> <span class='ocrx_word' id='word_1_169' title='bbox 244 1772 372 1801; x_wconf 80' lang='lat' dir='ltr'>causa</span> <span class='ocrx_word' id='word_1_170' title='bbox 384 1756 573 1801; x_wconf 89' lang='lat' dir='ltr'>hominis</span> <span class='ocrx_word' id='word_1_171' title='bbox 589 1773 690 1801; x_wconf 85' lang='lat' dir='ltr'>cum</span> <span class='ocrx_word' id='word_1_172' title='bbox 706 1774 833 1801; x_wconf 82' lang='lat' dir='ltr'>uxore</span> <span class='ocrx_word' id='word_1_173' title='bbox 850 1773 936 1801; x_wconf 87' lang='lat' dir='ltr'>non</span> <span class='ocrx_word' id='word_1_174' title='bbox 953 1755 1124 1818; x_wconf 81' lang='lat' dir='ltr'>expedit</span> <span class='ocrx_word' id='word_1_175' title='bbox 1139 1755 1302 1800; x_wconf 87' lang='lat' dir='ltr'>nubere</span> <span class='ocrx_word' id='word_1_176' title='bbox 1321 1772 1358 1798; x_wconf 72' lang='grc' dir='ltr'>ε»</span> <span class='ocrx_word' id='word_1_177' title='bbox 1372 1771 1545 1817; x_wconf 87' lang='lat' dir='ltr'>respon-</span> 
     </span>
     <span class='ocr_line' id='line_1_22' title="bbox 166 1825 1544 1890; baseline -0.002 -19"><span class='ocrx_word' id='word_1_178' title='bbox 166 1826 230 1872; x_wconf 85' lang='lat' dir='ltr'>dit</span> <span class='ocrx_word' id='word_1_179' title='bbox 257 1827 339 1872; x_wconf 86' lang='lat' dir='ltr'>eis:</span> <span class='ocrx_word' id='word_1_180' title='bbox 358 1847 376 1866; x_wconf 78' lang='grc' dir='ltr'>α</span> <span class='ocrx_word' id='word_1_181' title='bbox 390 1827 485 1872; x_wconf 88' lang='lat' dir='ltr'>Non</span> <span class='ocrx_word' id='word_1_182' title='bbox 502 1844 648 1872; x_wconf 88' lang='lat' dir='ltr'>omnes</span> <span class='ocrx_word' id='word_1_183' title='bbox 669 1829 849 1890; x_wconf 78' lang='lat' dir='ltr'>capiunt</span> <span class='ocrx_word' id='word_1_184' title='bbox 865 1827 1048 1873; x_wconf 73' lang='lat' dir='ltr'>verbum</span> <span class='ocrx_word' id='word_1_185' title='bbox 1068 1826 1174 1875; x_wconf 78' lang='lat' dir='ltr'>hoc,</span> <span class='ocrx_word' id='word_1_186' title='bbox 1193 1825 1263 1870; x_wconf 87' lang='lat' dir='ltr'>sed</span> <span class='ocrx_word' id='word_1_187' title='bbox 1291 1825 1453 1888; x_wconf 89' lang='lat' dir='ltr'>quibus</span> <span class='ocrx_word' id='word_1_188' title='bbox 1471 1825 1544 1869; x_wconf 87' lang='lat' dir='ltr'>da-</span> 
     </span>
     <span class='ocr_line' id='line_1_23' title="bbox 167 1893 1547 1959; baseline -0.004 -17"><span class='ocrx_word' id='word_1_189' title='bbox 167 1908 291 1942; x_wconf 85' lang='lat' dir='ltr'>»tum</span> <span class='ocrx_word' id='word_1_190' title='bbox 311 1896 779 1959; x_wconf 71' lang='lat' dir='ltr'>est‘2.»Numquidnon</span> <span class='ocrx_word' id='word_1_191' title='bbox 794 1897 978 1942; x_wconf 87' lang='lat' dir='ltr'>liberum</span> <span class='ocrx_word' id='word_1_192' title='bbox 998 1896 1227 1941; x_wconf 77' lang='lat' dir='ltr'>arbitrium</span> <span class='ocrx_word' id='word_1_193' title='bbox 1249 1893 1470 1939; x_wconf 85' lang='lat' dir='ltr'>Timothei</span> <span class='ocrx_word' id='word_1_194' title='bbox 1486 1903 1547 1938; x_wconf 89' lang='lat' dir='ltr'>est</span> 
     </span>
     <span class='ocr_line' id='line_1_24' title="bbox 166 1963 1545 2030; baseline -0.003 -18"><span class='ocrx_word' id='word_1_195' title='bbox 166 1967 414 2013; x_wconf 79' lang='lat' dir='ltr'>exhortatus</span> <span class='ocrx_word' id='word_1_196' title='bbox 441 1967 672 2030; x_wconf 87' lang='lat' dir='ltr'>Apostolus</span> <span class='ocrx_word' id='word_1_197' title='bbox 691 1966 838 2012; x_wconf 91' lang='lat' dir='ltr'>dicens</span> <span class='ocrx_word' id='word_1_198' title='bbox 864 1984 874 2012; x_wconf 75' lang='grc' dir='ltr'>ε</span> <span class='ocrx_word' id='word_1_199' title='bbox 907 1989 924 2006; x_wconf 92' lang='lat'><strong><em>«</em></strong></span> <span class='ocrx_word' id='word_1_200' title='bbox 950 1965 1135 2011; x_wconf 84' lang='lat' dir='ltr'>Contine</span> <span class='ocrx_word' id='word_1_201' title='bbox 1158 1975 1198 2009; x_wconf 85' lang='lat' dir='ltr'>te</span> <span class='ocrx_word' id='word_1_202' title='bbox 1220 1965 1363 2027; x_wconf 87' lang='lat' dir='ltr'>ipsum</span> <span class='ocrx_word' id='word_1_203' title='bbox 1384 1963 1417 2009; x_wconf 75' lang='lat'>3.</span> <span class='ocrx_word' id='word_1_204' title='bbox 1439 1984 1459 2004; x_wconf 69' lang='lat'>&gt;³</span> <span class='ocrx_word' id='word_1_205' title='bbox 1488 1964 1545 2008; x_wconf 89' lang='lat' dir='ltr'>Et</span> 
     </span>
     <span class='ocr_line' id='line_1_25' title="bbox 165 2033 1544 2100; baseline -0.004 -17"><span class='ocrx_word' id='word_1_206' title='bbox 165 2039 209 2084; x_wconf 88' lang='lat' dir='ltr'>in</span> <span class='ocrx_word' id='word_1_207' title='bbox 237 2038 321 2083; x_wconf 80' lang='lat' dir='ltr'>hae</span> <span class='ocrx_word' id='word_1_208' title='bbox 347 2055 391 2083; x_wconf 88' lang='lat' dir='ltr'>re</span> <span class='ocrx_word' id='word_1_209' title='bbox 416 2048 674 2100; x_wconf 82' lang='lat' dir='ltr'>potestatem</span> <span class='ocrx_word' id='word_1_210' title='bbox 698 2037 939 2083; x_wconf 64' lang='lat' dir='ltr'>voluntatis</span> <span class='ocrx_word' id='word_1_211' title='bbox 964 2034 1170 2090; x_wconf 84' lang='lat' dir='ltr'>ostendit,</span> <span class='ocrx_word' id='word_1_212' title='bbox 1198 2033 1347 2079; x_wconf 76' lang='lat' dir='ltr'>ubiait</span> <span class='ocrx_word' id='word_1_213' title='bbox 1371 2050 1381 2077; x_wconf 90' lang='lat'>:</span> <span class='ocrx_word' id='word_1_214' title='bbox 1411 2033 1544 2078; x_wconf 88' lang='lat' dir='ltr'>«Non</span> 
     </span>
     <span class='ocr_line' id='line_1_26' title="bbox 167 2105 1546 2170; baseline -0.003 -19"><span class='ocrx_word' id='word_1_215' title='bbox 167 2131 187 2150; x_wconf 60' lang='lat'>&gt;³</span> <span class='ocrx_word' id='word_1_216' title='bbox 209 2109 374 2153; x_wconf 84' lang='lat' dir='ltr'>habens</span> <span class='ocrx_word' id='word_1_217' title='bbox 394 2109 705 2163; x_wconf 78' lang='lat' dir='ltr'>necessitatem,</span> <span class='ocrx_word' id='word_1_218' title='bbox 730 2118 986 2170; x_wconf 82' lang='lat' dir='ltr'>potestatem</span> <span class='ocrx_word' id='word_1_219' title='bbox 1006 2117 1148 2151; x_wconf 78' lang='lat' dir='ltr'>autem</span> <span class='ocrx_word' id='word_1_220' title='bbox 1173 2105 1339 2149; x_wconf 76' lang='lat' dir='ltr'>habens</span> <span class='ocrx_word' id='word_1_221' title='bbox 1358 2120 1446 2148; x_wconf 87' lang='lat' dir='ltr'>suae</span> <span class='ocrx_word' id='word_1_222' title='bbox 1464 2120 1546 2148; x_wconf 88' lang='grc' dir='ltr'>Υο-</span> 
     </span>
     <span class='ocr_line' id='line_1_27' title="bbox 168 2175 1544 2238; baseline -0.003 -17"><span class='ocrx_word' id='word_1_223' title='bbox 168 2202 187 2222; x_wconf 88' lang='lat'>»</span> <span class='ocrx_word' id='word_1_224' title='bbox 212 2178 408 2233; x_wconf 87' lang='lat' dir='ltr'>luntatis,</span> <span class='ocrx_word' id='word_1_225' title='bbox 430 2189 478 2223; x_wconf 91' lang='lat' dir='ltr'>ut</span> <span class='ocrx_word' id='word_1_226' title='bbox 492 2195 584 2223; x_wconf 56' lang='lat' dir='ltr'>sert</span> <span class='ocrx_word' id='word_1_227' title='bbox 587 2179 848 2238; x_wconf 76' lang='lat' dir='ltr'>etvi1oinem</span> <span class='ocrx_word' id='word_1_228' title='bbox 864 2194 981 2222; x_wconf 83' lang='lat' dir='ltr'>suam</span> <span class='ocrx_word' id='word_1_229' title='bbox 1004 2175 1036 2223; x_wconf 57' lang='grc' dir='ltr'>Δ.</span> <span class='ocrx_word' id='word_1_230' title='bbox 1059 2197 1079 2217; x_wconf 85' lang='lat'>»</span> <span class='ocrx_word' id='word_1_231' title='bbox 1100 2176 1156 2220; x_wconf 81' lang='lat' dir='ltr'>Et</span> <span class='ocrx_word' id='word_1_232' title='bbox 1172 2185 1331 2230; x_wconf 81' lang='lat' dir='ltr'>tamen,</span> <span class='ocrx_word' id='word_1_233' title='bbox 1353 2190 1441 2218; x_wconf 90' lang='lat' dir='ltr'>non</span> <span class='ocrx_word' id='word_1_234' title='bbox 1453 2190 1544 2218; x_wconf 91' lang='lat' dir='ltr'>om-</span> 
     </span>
     <span class='ocr_line' id='line_1_28' title="bbox 167 2243 1545 2312; baseline -0.005 -18"><span class='ocrx_word' id='word_1_235' title='bbox 167 2267 242 2294; x_wconf 88' lang='lat' dir='ltr'>nes</span> <span class='ocrx_word' id='word_1_236' title='bbox 260 2250 442 2312; x_wconf 80' lang='lat' dir='ltr'>capiunt</span> <span class='ocrx_word' id='word_1_237' title='bbox 480 2249 665 2295; x_wconf 59' lang='lat' dir='ltr'>vellium</span> <span class='ocrx_word' id='word_1_238' title='bbox 696 2249 798 2304; x_wconf 80' lang='lat' dir='ltr'>boc,</span> <span class='ocrx_word' id='word_1_239' title='bbox 824 2247 897 2292; x_wconf 86' lang='lat' dir='ltr'>sed</span> <span class='ocrx_word' id='word_1_240' title='bbox 917 2247 1077 2309; x_wconf 89' lang='lat' dir='ltr'>quibus</span> <span class='ocrx_word' id='word_1_241' title='bbox 1091 2245 1242 2290; x_wconf 86' lang='lat' dir='ltr'>datum</span> <span class='ocrx_word' id='word_1_242' title='bbox 1265 2254 1340 2290; x_wconf 88' lang='lat' dir='ltr'>est.</span> <span class='ocrx_word' id='word_1_243' title='bbox 1370 2243 1545 2300; x_wconf 85' lang='lat' dir='ltr'>Quibus</span> 
     </span>
     <span class='ocr_line' id='line_1_29' title="bbox 167 2310 1546 2376; baseline -0.007 -11"><span class='ocrx_word' id='word_1_244' title='bbox 167 2321 283 2366; x_wconf 90' lang='lat' dir='ltr'>enim</span> <span class='ocrx_word' id='word_1_245' title='bbox 322 2336 410 2364; x_wconf 88' lang='lat' dir='ltr'>non</span> <span class='ocrx_word' id='word_1_246' title='bbox 434 2329 495 2364; x_wconf 87' lang='lat' dir='ltr'>est</span> <span class='ocrx_word' id='word_1_247' title='bbox 520 2318 691 2374; x_wconf 79' lang='lat' dir='ltr'>datum,</span> <span class='ocrx_word' id='word_1_248' title='bbox 719 2327 792 2363; x_wconf 82' lang='lat' dir='ltr'>aut</span> <span class='ocrx_word' id='word_1_249' title='bbox 816 2316 989 2371; x_wconf 79' lang='lat' dir='ltr'>nolunt,</span> <span class='ocrx_word' id='word_1_250' title='bbox 1018 2325 1092 2360; x_wconf 78' lang='lat' dir='ltr'>aut</span> <span class='ocrx_word' id='word_1_251' title='bbox 1114 2331 1203 2359; x_wconf 88' lang='lat' dir='ltr'>non</span> <span class='ocrx_word' id='word_1_252' title='bbox 1221 2312 1406 2376; x_wconf 88' lang='lat' dir='ltr'>implent</span> <span class='ocrx_word' id='word_1_253' title='bbox 1424 2310 1546 2374; x_wconf 90' lang='lat' dir='ltr'>quod</span> 
     </span>
     <span class='ocr_line' id='line_1_30' title="bbox 167 2382 1546 2453; baseline -0.009 -16"><span class='ocrx_word' id='word_1_254' title='bbox 167 2391 355 2437; x_wconf 84' lang='lat' dir='ltr'>volunt·</span> <span class='ocrx_word' id='word_1_255' title='bbox 379 2389 538 2453; x_wconf 89' lang='lat' dir='ltr'>quibus</span> <span class='ocrx_word' id='word_1_256' title='bbox 560 2400 700 2434; x_wconf 83' lang='lat' dir='ltr'>autem</span> <span class='ocrx_word' id='word_1_257' title='bbox 717 2388 867 2433; x_wconf 78' lang='lat' dir='ltr'>datum</span> <span class='ocrx_word' id='word_1_258' title='bbox 887 2398 966 2443; x_wconf 78' lang='lat' dir='ltr'>est,</span> <span class='ocrx_word' id='word_1_259' title='bbox 988 2386 1048 2432; x_wconf 89' lang='lat' dir='ltr'>sic</span> <span class='ocrx_word' id='word_1_260' title='bbox 1065 2385 1251 2439; x_wconf 85' lang='lat' dir='ltr'>volunt,</span> <span class='ocrx_word' id='word_1_261' title='bbox 1270 2394 1318 2428; x_wconf 91' lang='lat' dir='ltr'>ut</span> <span class='ocrx_word' id='word_1_262' title='bbox 1334 2382 1546 2445; x_wconf 80' lang='lat' dir='ltr'>impleant</span> 
     </span>
     <span class='ocr_line' id='line_1_31' title="bbox 168 2450 1545 2525; baseline -0.009 -18"><span class='ocrx_word' id='word_1_263' title='bbox 168 2461 287 2525; x_wconf 88' lang='lat' dir='ltr'>quod</span> <span class='ocrx_word' id='word_1_264' title='bbox 304 2461 472 2506; x_wconf 81' lang='lat' dir='ltr'>volunt.</span> <span class='ocrx_word' id='word_1_265' title='bbox 494 2461 663 2523; x_wconf 78' lang='lat' dir='ltr'>ltaque,</span> <span class='ocrx_word' id='word_1_266' title='bbox 688 2470 735 2503; x_wconf 90' lang='lat' dir='ltr'>ut</span> <span class='ocrx_word' id='word_1_267' title='bbox 752 2459 839 2503; x_wconf 91' lang='lat' dir='ltr'>hoc</span> <span class='ocrx_word' id='word_1_268' title='bbox 858 2458 1059 2511; x_wconf 85' lang='lat' dir='ltr'>verbum,</span> <span class='ocrx_word' id='word_1_269' title='bbox 1086 2453 1205 2519; x_wconf 92' lang='lat' dir='ltr'>quod</span> <span class='ocrx_word' id='word_1_270' title='bbox 1221 2470 1308 2499; x_wconf 88' lang='lat' dir='ltr'>non</span> <span class='ocrx_word' id='word_1_271' title='bbox 1332 2453 1386 2497; x_wconf 83' lang='lat' dir='ltr'>ab</span> <span class='ocrx_word' id='word_1_272' title='bbox 1406 2450 1545 2496; x_wconf 88' lang='lat' dir='ltr'>omni-</span> 
     </span>
     <span class='ocr_line' id='line_1_32' title="bbox 168 2524 1546 2595; baseline -0.009 -17"><span class='ocrx_word' id='word_1_273' title='bbox 168 2533 252 2578; x_wconf 87' lang='lat' dir='ltr'>bus</span> <span class='ocrx_word' id='word_1_274' title='bbox 278 2533 464 2595; x_wconf 82' lang='lat' dir='ltr'>capitur</span> <span class='ocrx_word' id='word_1_275' title='bbox 493 2531 549 2576; x_wconf 86' lang='lat' dir='ltr'>ab</span> <span class='ocrx_word' id='word_1_276' title='bbox 564 2530 782 2593; x_wconf 85' lang='lat' dir='ltr'>aliquibus</span> <span class='ocrx_word' id='word_1_277' title='bbox 797 2529 1013 2593; x_wconf 85' lang='lat' dir='ltr'>capiatur,</span> <span class='ocrx_word' id='word_1_278' title='bbox 1041 2537 1082 2572; x_wconf 93' lang='lat' dir='ltr'>et</span> <span class='ocrx_word' id='word_1_279' title='bbox 1108 2525 1186 2571; x_wconf 91' lang='lat' dir='ltr'>Dei</span> <span class='ocrx_word' id='word_1_280' title='bbox 1210 2524 1375 2570; x_wconf 86' lang='lat' dir='ltr'>donum</span> <span class='ocrx_word' id='word_1_281' title='bbox 1403 2531 1481 2578; x_wconf 87' lang='lat' dir='ltr'>est,</span> <span class='ocrx_word' id='word_1_282' title='bbox 1503 2532 1546 2567; x_wconf 91' lang='lat' dir='ltr'>et</span> 
     </span>
    </p>
   </div>
   <div class='ocr_carea' id='block_1_3' title="bbox 168 2601 627 2649">
    <p class='ocr_par' dir='ltr' id='par_1_4' title="bbox 168 2601 627 2649">
     <span class='ocr_line' id='line_1_33' title="bbox 168 2601 627 2649; baseline -0.007 0"><span class='ocrx_word' id='word_1_283' title='bbox 168 2603 358 2649; x_wconf 89' lang='lat' dir='ltr'>liberum</span> <span class='ocrx_word' id='word_1_284' title='bbox 381 2601 627 2648; x_wconf 79' lang='lat' dir='ltr'>aibitrium.</span> 
     </span>
    </p>
   </div>
   <div class='ocr_carea' id='block_1_4' title="bbox 220 2671 1531 2727">
    <p class='ocr_par' dir='ltr' id='par_1_5' title="bbox 220 2671 1531 2727">
     <span class='ocr_line' id='line_1_34' title="bbox 220 2671 1531 2727; baseline -0.011 -7"><span class='ocrx_word' id='word_1_285' title='bbox 220 2688 229 2710; x_wconf 86' lang='lat'><strong>¹</strong></span> <span class='ocrx_word' id='word_1_286' title='bbox 250 2687 329 2721; x_wconf 81' lang='lat' dir='ltr'>Psal.</span> <span class='ocrx_word' id='word_1_287' title='bbox 345 2697 432 2725; x_wconf 75' lang='lat' dir='ltr'>xxvi,</span> <span class='ocrx_word' id='word_1_288' title='bbox 451 2697 485 2727; x_wconf 86' lang='lat'>9.</span> <span class='ocrx_word' id='word_1_289' title='bbox 502 2703 546 2709; x_wconf 90' lang='lat'><strong>—</strong></span> <span class='ocrx_word' id='word_1_290' title='bbox 559 2683 575 2706; x_wconf 89' lang='lat'><strong>2</strong></span> <span class='ocrx_word' id='word_1_291' title='bbox 591 2683 788 2721; x_wconf 69' lang='lat' dir='ltr'>Mauh.x1v‚</span> <span class='ocrx_word' id='word_1_292' title='bbox 809 2693 906 2714; x_wconf 82' lang='lat'>10.—</span> <span class='ocrx_word' id='word_1_293' title='bbox 924 2680 938 2704; x_wconf 84' lang='lat'>3</span> <span class='ocrx_word' id='word_1_294' title='bbox 957 2694 967 2713; x_wconf 74' lang='grc' dir='ltr'>ι</span> <span class='ocrx_word' id='word_1_295' title='bbox 985 2680 1066 2713; x_wconf 88' lang='lat' dir='ltr'>Tim.</span> <span class='ocrx_word' id='word_1_296' title='bbox 1081 2690 1113 2721; x_wconf 81' lang='lat' dir='ltr'>v,</span> <span class='ocrx_word' id='word_1_297' title='bbox 1137 2690 1239 2709; x_wconf 78' lang='lat'><strong>22.—</strong></span> <span class='ocrx_word' id='word_1_298' title='bbox 1253 2671 1267 2695; x_wconf 81' lang='lat'>⁴</span> <span class='ocrx_word' id='word_1_299' title='bbox 1290 2688 1302 2708; x_wconf 85' lang='lat'><em>1</em></span> <span class='ocrx_word' id='word_1_300' title='bbox 1321 2678 1395 2709; x_wconf 87' lang='lat' dir='ltr'>Cor.</span> <span class='ocrx_word' id='word_1_301' title='bbox 1417 2676 1531 2716; x_wconf 80' lang='lat' dir='ltr'>v11,37</span> 
     </span>
    </p>
   </div>
  </div>
 </body>
</html>
