1843 3190
239 313 414 346 CONTRA
446 312 675 346 summum
708 312 1015 355 numanum,
1052 313 1140 347 1213.
1182 317 1214 347 1.
1326 301 1407 350 131

43 376 118 423 sed
144 378 235 425 Deo
268 390 524 426 coaeternam
565 378 693 439 fingit
729 390 932 426 naturam
965 378 1083 428 mali.
1125 380 1346 437 Quoniam
1385 381 1421 427 si

0 452 1 464 ¹
45 446 198 494 dixeris
215 486 226 505 ‚
253 467 301 495 ex
316 450 456 496 libero
477 449 658 495 arbitrio
682 460 852 496 naturae
869 451 999 496 bonae
1019 467 1042 496 a
1062 450 1154 496 Deo
1179 461 1334 502 creatae
1350 467 1419 499 or-

45 528 131 563 tam
156 520 256 566 mali
274 521 463 567 radicem
484 557 495 574 ‚
536 519 685 584 (quod
711 521 929 567 catholica
954 520 1111 569 veritas
1139 520 1248 569 dicit
1266 520 1308 584 ε)
1334 521 1421 571 illis

44 589 188 635 verbis
209 591 294 636 tuis
317 602 357 637 te
372 590 576 636 facillime
594 600 798 653 superat,
823 591 900 636 ubi
928 590 988 636 ais
1005 627 1017 642 ,
1042 611 1063 633 ι(
1084 590 1295 639 Radicem
1315 590 1421 637 mali

45 657 180 704 locari
198 678 283 706 non
299 678 423 723 posse
441 660 486 705 in
504 659 619 705 dono
638 660 719 705 Dei
738 663 749 704 Ξ
768 681 788 702 »
805 661 909 723 quia
928 670 970 706 et
986 659 1174 707 liberum
1188 660 1420 710 arbitrium

45 730 203 790 procul
228 731 366 776 dubio
399 741 463 776 est
484 729 650 776 donum
685 729 780 776 Dei.
816 732 880 777 Ac
912 747 991 793 per
1022 730 1110 780 hoc
1132 748 1235 781 cum
1265 752 1286 773 «
1312 729 1421 778 Mali

46 798 235 845 radicem
259 801 303 846 in
336 800 453 846 dono
489 800 566 845 Dei
591 799 725 847 locari
751 817 840 846 non
872 817 995 864 posse
1016 822 1037 843 >2
1072 800 1242 857 dixisti,
1272 800 1422 851 Mani-

49 869 174 916 chaeo
192 872 310 934 quod
333 882 484 917 contra
504 882 542 917 te
563 870 752 928 diceret,
777 882 823 917 tu
840 871 1012 920 dedisti.
1045 872 1161 929 Quia
1177 874 1211 918 si
1230 890 1318 918 non
1341 889 1420 936 po-

48 949 129 984 test
153 941 199 986 in
227 942 344 987 bono
367 941 504 987 locari
530 944 694 987 malum
713 978 724 997 ,
748 941 869 1005 quod
905 953 949 988 tu
978 941 1086 988 dicis
1117 942 1255 997 mihi;
1280 944 1420 990 multo

48 1010 192 1055 minus
212 1022 353 1074 potest
381 1012 485 1056 oriri
506 1028 554 1056 ex
586 1012 705 1056 bono
735 1011 923 1068 malum,
950 1011 1069 1074 quod
1099 1011 1171 1058 ille
1194 1012 1302 1060 dicit
1321 1013 1417 1061 tibi.

51 1081 116 1125 Ac
147 1082 208 1126 sic
240 1081 503 1135 concludet,
531 1097 620 1125 non
646 1097 733 1126 esse
767 1081 931 1127 malum
963 1081 1047 1129 nisi
1079 1098 1128 1126 ex
1163 1081 1312 1128 malo:
1346 1081 1426 1131 ubi

52 1150 192 1196 victor
214 1152 437 1198 videbitur
457 1151 539 1196 sibi
558 1187 569 1206 ‚
597 1161 638 1196 et
657 1151 738 1196 erit
761 1151 960 1215 profecto
977 1188 989 1208 ‚
1009 1151 1090 1197 nisi
1109 1163 1152 1197 et
1170 1152 1236 1198 illi
1255 1153 1429 1201 resista-

52 1232 124 1267 tur
140 1233 182 1268 et
201 1223 294 1270 tibi.
326 1223 490 1268 Veritas
515 1239 615 1281 ergo
638 1222 741 1268 fidei
762 1223 994 1269 catholicae
1014 1223 1059 1268 in
1078 1223 1146 1268 his
1163 1224 1306 1271 verbis
1326 1240 1433 1270 vesa

53 1293 130 1338 tris
162 1293 260 1339 ideo
297 1294 434 1339 vincit
470 1292 799 1349 Manichaeum‚
829 1294 932 1356 quia
966 1293 1104 1339 vincit
1123 1302 1165 1338 et
1193 1304 1235 1340 te
1262 1294 1422 1357 ipsum.

53 1362 164 1409 Nam
184 1365 217 1409 si
241 1375 282 1410 te
304 1382 392 1410 non
416 1363 608 1410 vinceret
639 1362 853 1410 dicentem
870 1401 881 1419 ‚
922 1385 943 1405 ε(
962 1364 1058 1409 Non
1088 1381 1211 1428 posse
1237 1365 1284 1410 in
1311 1363 1428 1410 dono

53 1435 132 1479 Dei
168 1435 303 1481 locari
335 1434 524 1480 radicem
558 1434 690 1490 mali,
719 1456 740 1476 ›>
772 1435 912 1480 multo
951 1435 1095 1481 minus
1129 1434 1430 1484 Manichaeum

53 1516 197 1567 posset
219 1506 391 1551 vincere
410 1505 624 1550 dicentem
644 1542 654 1561 ,
680 1522 768 1551 non
786 1522 908 1568 posse
930 1522 978 1550 ex
1001 1505 1119 1550 dono
1139 1505 1220 1550 Dei
1235 1505 1340 1550 oriri
1356 1522 1430 1550 ra·-

54 1576 194 1622 dicem
218 1576 333 1623 mali.
366 1575 450 1621 Sed
475 1586 520 1621 ut
541 1575 687 1621 vincat
706 1576 856 1621 ambos
875 1613 886 1632 ‚
908 1593 988 1622 nec
1013 1575 1188 1622 aliunde
1205 1576 1332 1631 oriri,
1352 1592 1432 1621 nec

57 1646 221 1692 alicubi
241 1663 327 1692 esse
347 1662 472 1709 posse
495 1645 604 1690 dicit
621 1645 812 1691 radicem
830 1646 932 1692 mali
952 1683 963 1702 ‚
990 1646 1072 1691 nisi
1089 1663 1135 1691 ex
1156 1656 1312 1692 natura
1329 1656 1371 1691 et
1389 1645 1432 1693 in

56 1728 211 1763 natura
231 1717 434 1763 rationali
452 1736 463 1770 ;
484 1717 555 1762 cui
571 1733 658 1762 esse
671 1727 873 1763 naturam
890 1716 1144 1762 rationalem
1163 1733 1253 1762 non
1275 1726 1337 1762 est
1353 1716 1436 1762 nisi

58 1787 225 1834 donum
248 1787 325 1833 Dei
347 1805 358 1832 ι
381 1786 453 1832 sed
474 1787 680 1850 quoniam
705 1804 728 1832 a
751 1804 920 1833 summo
939 1798 1068 1851 atque
1083 1786 1436 1834 incommutabili

59 1859 176 1904 bono
203 1858 256 1904 de
279 1858 419 1904 nihilo
446 1857 561 1903 facta
588 1869 676 1914 est,
716 1868 764 1904 ut
797 1869 932 1913 esset,
969 1859 1169 1921 quamvis
1199 1857 1434 1914 mutabile,

61 1941 205 1975 tamen
226 1930 395 1975 bonum
414 1948 424 1981 ;
453 1927 658 1974 deficere4
686 1947 708 1975 a
724 1929 842 1974 bono
861 1946 882 1974 a
901 1946 989 1992 quo
1012 1929 1127 1974 facta
1151 1939 1213 1974 est
1232 1965 1242 1983 ‚
1270 1928 1356 1973 hoc
1379 1939 1440 1973 est

61 2018 109 2046 ex
131 2000 204 2046 illa
223 2038 233 2056 ‚
265 1999 330 2046 vel
359 2000 404 2044 in
432 1998 505 2044 illa
527 1999 647 2045 radix
671 1999 775 2045 mali
800 2017 810 2045 :
837 2000 939 2063 quia
962 1998 1076 2046 nihil
1110 2010 1172 2045 est
1198 1998 1316 2045 aliud
1344 2016 1440 2045 ma-

0 2125 2 2135 ὶ
62 2070 155 2116 lum
179 2109 189 2125 ‚
212 2071 293 2116 nisi
315 2069 503 2133 privatio
523 2070 644 2116 boni.

129 2142 293 2186 XLHI.
321 2141 420 2184 Jam
447 2156 577 2201 porro
596 2141 672 2185 ubi
689 2140 796 2185 dicis
821 2159 830 2185 :
859 2162 879 2183 α
901 2141 1065 2186 Rerum
1088 2140 1196 2185 ratio
1217 2157 1304 2185 non
1318 2139 1436 2194 sinit,

68 2222 115 2256 ut
142 2211 194 2256 de
223 2210 340 2254 bono
366 2209 529 2253 malum
549 2220 591 2253 et
617 2210 670 2254 de
689 2214 806 2269 justo
825 2210 1028 2273 iniquum
1050 2209 1218 2272 aliquid
1243 2207 1439 2272 profera-

0 2331 4 2338 ,
71 2292 167 2334 tur3
189 2303 209 2322 >³
232 2296 406 2343 prorsus
433 2279 782 2325 Manichaeorum
805 2281 937 2325 verba
963 2279 1085 2326 dicis.
1112 2280 1208 2324 Hoc
1233 2280 1347 2325 euim
1373 2297 1441 2324 as-

70 2362 245 2407 serunt,
265 2367 354 2396 non
378 2367 500 2413 posse
532 2350 693 2395 malum
731 2351 907 2413 proferri
945 2351 1024 2396 11151
1051 2350 1104 2395 dc
1135 2350 1272 2403 malm
1305 2362 1346 2396 et
1378 2351 1453 2396 ibi

72 2433 160 2467 tota
183 2438 332 2467 eorum
363 2419 546 2465 nefanda
580 2431 693 2465 secta
726 2421 947 2468 consistit.
982 2420 1084 2483 quia
1112 2421 1233 2483 prius
1260 2432 1444 2465 conten-

73 2492 184 2538 dunt
203 2492 365 2537 malum
386 2489 569 2553 proferri
594 2507 680 2535 11011
706 2508 825 2553 posse
850 2490 903 2536 de
933 2491 1065 2535 bono.
1103 2490 1232 2546 (Quod
1264 2491 1298 2535 si
1321 2491 1378 2536 eis
1405 2501 1443 2535 te

76 2573 253 2609 auctore
285 2561 644 2617 concesserimus,
679 2561 790 2606 1111111
820 2561 946 2607 nobis
977 2561 1148 2623 penitus
1178 2560 1442 2617 remanebit,

126 2647 135 2666 ¹
159 2648 249 2675 Forte.
269 2644 402 2675 dtssm-re
421 2654 523 2686 posse.

1278 2715 1321 2760 9.
