1843 3190
306 321 398 386 422
729 345 763 374 S.
807 344 1052 374 AUGUSTINI
1089 343 1293 375 Emscom

306 408 444 454 fantes
461 445 472 463 ‚
504 425 592 453 non
616 408 693 452 ista
715 419 850 453 morte
871 409 1088 454 notissima
1104 426 1204 473 quae
1232 427 1253 454 a
1277 426 1459 473 corpore
1492 409 1679 455 animam

308 489 495 541 separat,
522 478 593 522 sed
614 496 658 522 ea
681 489 816 523 morte
845 496 929 541 qua
959 480 1217 524 tenebantur
1236 497 1397 531 omnes,
1418 498 1499 543 pro
1519 481 1681 543 quibus

308 560 507 595 mortuus
541 559 601 593 est
639 548 851 595 Christus.
886 571 903 587 τι
930 550 1101 594 Scimus
1142 551 1252 594 enim
1270 587 1280 605 ‚
1320 551 1379 594 ait
1418 550 1650 612 Apostolus
1666 587 1678 606 ,

306 641 326 661 ›>
350 618 495 683 (quod
529 636 551 663 a
585 619 712 664 nobis
745 620 978 683 saepissime
1010 620 1293 683 repetendum
1331 621 1445 681 θεῖ),
1473 622 1681 683 quoniam

304 711 325 732 ›>
350 707 460 735 unus
475 705 555 752 pro
569 690 772 735 omnibus
791 701 985 736 mortuus
1001 701 1077 741 est,
1092 708 1191 750 ergo
1213 708 1359 736 onmes
1375 691 1536 741 mortui
1549 701 1677 736 sunt:

303 781 325 802 »
350 771 390 805 et
413 777 493 821 pro
517 759 721 804 omnibus
757 772 952 806 mortuus
982 771 1060 807 est.
1084 772 1132 805 ut
1155 761 1231 822 qui
1255 761 1427 814 vivunt,
1460 764 1551 819 jam
1594 777 1682 806 non

303 850 323 870 ›>
348 829 432 874 sibi
451 829 617 884 vivant,
639 828 711 873 sed
740 829 777 874 ei
799 831 874 892 qui
894 847 975 893 pro
1003 830 1209 874 omnibus
1236 840 1435 874 mortuus
1454 840 1532 884 est,
1553 841 1593 874 et
1612 846 1683 874 re—

302 920 322 940 »
344 898 523 944 surrexit
540 896 573 944 1.
596 919 615 939 ›>
637 898 706 943 llli
730 915 830 959 ergo
848 900 1019 955 vivunt,
1039 917 1120 962 pro
1141 899 1302 963 quibus
1317 910 1365 944 ut
1381 899 1545 954 vivant,
1568 917 1683 945 mor-

304 978 405 1014 tuus
423 978 484 1013 est
499 967 575 1031 qui
594 967 779 1016 vivebat.
804 969 936 1026 Quod
953 970 1142 1032 apertius
1160 969 1220 1014 ita
1237 969 1401 1015 dicitur
1421 986 1431 1014 :
1453 969 1521 1014 Illi
1545 979 1646 1015 sunt
1660 987 1684 1015 a

301 1039 454 1085 mortis
479 1038 655 1084 vinculo
680 1039 825 1096 liberi,
846 1057 927 1103 pro
945 1041 1107 1104 quibus
1125 1051 1323 1085 mortuus
1342 1051 1405 1085 est
1428 1039 1540 1085 inter
1561 1055 1684 1085 mor·-

300 1120 397 1155 tuos
417 1108 581 1155 libet-2.
615 1109 693 1154 Vel
723 1110 783 1155 sic
818 1110 955 1156 multo
997 1111 1213 1174 apertius:
1248 1111 1318 1156 Illi
1342 1121 1444 1156 sunt
1466 1109 1640 1156 liberati
1660 1128 1685 1156 a

300 1189 502 1244 peccato,
529 1196 612 1243 pro
638 1180 799 1243 quibus
819 1192 1014 1227 mortuus
1032 1192 1094 1227 est
1123 1182 1200 1244 qui
1228 1195 1456 1245 nunquam
1473 1180 1612 1226 fuerat
1639 1181 1685 1225 in

300 1260 499 1314 peccato.
527 1251 581 1294 Et
605 1267 705 1295 cum
734 1252 864 1297 semel
887 1252 941 1297 sit
966 1263 1179 1306 mortuus,
1203 1262 1347 1297 tamen
1365 1269 1448 1315 pro
1480 1268 1685 1313 unoquo-

301 1336 386 1384 que
410 1330 515 1364 tunc
540 1320 741 1376 moritur,
770 1321 946 1382 quando
978 1323 1023 1366 in
1058 1325 1149 1381 ejus
1189 1331 1355 1377 morte,
1397 1321 1685 1384 quantaelibet

306 1390 443 1434 aetatis
465 1387 611 1439 fuerit,
640 1389 892 1452 baptizatur
923 1409 933 1436 ε
958 1391 1003 1436 id
1024 1402 1101 1446 est,
1135 1401 1240 1436 tunc
1275 1391 1312 1437 ei
1349 1390 1548 1454 proderit
1572 1408 1686 1436 mors

305 1463 396 1519 ejus
414 1459 490 1523 qui
528 1458 612 1504 fuit
633 1459 722 1505 sine
746 1472 946 1523 peccato,
974 1461 1153 1524 quando
1179 1461 1225 1506 in
1251 1464 1342 1521 ers
1368 1471 1506 1505 morte
1531 1460 1687 1523 bapti-

303 1540 423 1576 zatus
443 1540 642 1575 mortuus
657 1529 787 1576 fuerit
806 1531 932 1577 etiam
952 1532 1044 1596 ipse
1065 1542 1263 1595 peccato,
1287 1532 1365 1595 qui
1381 1541 1580 1576 mortuus
1596 1530 1686 1577 fue-

305 1610 373 1645 rat
395 1600 440 1644 in
467 1611 661 1662 peccatO.

371 1671 531 1717 XLIX.
555 1671 718 1730 Ingeris
740 1672 937 1735 Apostoli
958 1673 1272 1727 testimonium,
1296 1671 1374 1717 ubi
1397 1671 1473 1726 ait,
1493 1692 1514 1713 ε(
1543 1670 1687 1716 Nolite

307 1762 327 1782 ))
352 1757 508 1795 errare,
529 1758 669 1803 neque
692 1741 932 1798 fornicarii,
954 1760 1092 1806 neque
1109 1742 1350 1788 simulacris
1364 1741 1591 1786 servientes
1609 1740 1644 1796 3,
1667 1761 1687 1782 ›>

305 1822 478 1865 caetera,
518 1812 680 1874 quibus
721 1814 1088 1869 commemoratis,
1116 1811 1479 1874 concluditquod
1504 1828 1688 1870 regnum

307 1882 385 1928 Dei
400 1899 486 1926 non
501 1882 800 1944 possidebunt.
822 1883 906 1929 Sed
926 1895 1059 1944 agunt
1077 1880 1176 1929 talia
1195 1885 1271 1947 qui
1292 1882 1681 1945 concupiscentiae,

306 1969 440 2016 quam
463 1950 632 2007 laudas,
662 1954 856 1999 motibus
893 1954 947 1999 ad
984 1955 1095 1999 mala
1120 1965 1162 1999 et
1187 1955 1332 2016 turpia
1365 1968 1552 2014 quaeque
1577 1968 1688 1996 con-

303 2019 506 2068 sentiunt.
548 2022 680 2077 Quod
703 2041 803 2083 ergo
829 2024 904 2074 ait,
929 2045 949 2065 α
972 2026 1025 2069 Et
1062 2025 1161 2070 haec
1196 2022 1375 2087 quidem
1413 2022 1552 2068 fuistis
1573 2058 1584 2077 ‚
1613 2020 1689 2066 sed

310 2113 330 2134 »
359 2091 501 2136 abluti
515 2092 629 2147 estis,
651 2092 724 2138 sed
750 2094 1007 2139 sanctificati
1031 2094 1189 2139 estis⁶z
1214 2116 1232 2134 »
1256 2102 1444 2138 mutatos
1482 2107 1553 2136 eos
1583 2090 1690 2136 dixit

308 2162 354 2208 in
367 2161 535 2217 melius,
554 2179 643 2208 non
667 2174 715 2208 ut
733 2181 781 2209 ea
795 2174 1007 2218 carerent,
1030 2163 1149 2227 quod
1188 2165 1233 2209 in
1267 2163 1352 2208 hac
1375 2161 1463 2207 vita
1482 2160 1575 2205 fieri
1600 2177 1690 2206 non

307 2241 472 2295 potest3
490 2231 563 2277 sed
581 2243 629 2277 ut
655 2233 693 2278 ei
712 2250 799 2279 non
835 2234 1080 2290 obedirent,
1111 2235 1231 2298 quod
1262 2233 1306 2278 in
1337 2233 1455 2277 bona
1478 2230 1568 2277 vita
1596 2231 1688 2276 fieri

309 2312 476 2365 potest3
516 2313 646 2366 atque
673 2314 721 2349 ut
751 2305 806 2349 ab
824 2322 892 2356 eo,
923 2322 1011 2368 quo
1035 2317 1158 2351 erant
1181 2303 1357 2351 vinculo
1374 2306 1467 2361 ejus
1485 2301 1683 2355 obnoxii,

308 2370 513 2416 liberatos
527 2388 567 2416 se
584 2389 670 2417 esse
685 2386 1008 2433 cognoscerent,
1029 2375 1149 2439 quod
1166 2374 1247 2420 nisi
1262 2371 1578 2432 regeneratione
1597 2371 1690 2418 fieri

309 2458 398 2486 non
419 2451 558 2504 potest
605 2443 673 2488 Tu
694 2459 854 2499 autem,
874 2446 950 2507 qui
969 2457 1096 2508 putas
1113 2482 1124 2501 ,
1152 2467 1170 2485 α
1189 2443 1320 2500 Quod
1341 2442 1375 2487 si
1397 2441 1560 2486 malum
1578 2452 1685 2487 esset

312 2511 684 2576 concupiscentia,
714 2525 876 2560 careret
899 2531 946 2559 ea
972 2516 1047 2578 qui
1072 2515 1338 2578 baptizatur,
1362 2534 1382 2554 »
1402 2510 1589 2556 multum
1615 2528 1687 2557 er-

313 2599 394 2629 ras.
426 2583 560 2628 Omni
583 2584 698 2629 e'nim
727 2595 909 2649 peccato
946 2598 1089 2643 caret,
1116 2603 1204 2632 non
1228 2584 1349 2631 omni
1381 2581 1513 2629 malo.
1556 2582 1689 2639 Quod

363 2664 412 2693 ¹2
429 2665 502 2695 Cor.
521 2676 554 2707 v,
579 2672 629 2702 14.
646 2665 718 2691 -2
738 2666 820 2701 Psal.
841 2679 990 2703 nxxxvn.
1010 2670 1042 2703 6.
1062 2687 1103 2694 —
1124 2666 1138 2691 3
1160 2680 1172 2700 x
1190 2670 1265 2702 Cor.
1282 2678 1327 2706 vx,
1347 2678 1382 2707 9.
1398 2683 1442 2690 —
1462 2661 1476 2686 ⁴
1495 2662 1580 2698 Ibid.
1607 2676 1661 2698 ιι.

1499 2747 1517 2771 0
