1843 3190
275 269 448 301 CONTRA
482 268 707 301 JULIANUM
741 265 1045 309 PELAGIANU31‚
1085 270 1171 301 ΠΒ.
1214 270 1265 300 11.
1360 256 1438 302 151

83 333 340 380 constitutus
356 372 367 390 ,
405 334 491 380 hoc
514 345 600 389 est,
621 332 799 378 videbat
822 332 945 377 istius
983 334 1178 394 corporis
1204 334 1446 395 passione5‚

83 401 405 464 videbatlegem
430 405 569 450 carnis
588 420 677 448 suae
699 413 1012 465 repugnantem
1032 402 1113 461 legi
1131 403 1284 447 mentis
1306 420 1406 450 suae.
1430 425 1452 446 n

83 471 279 534 Itemque
301 475 345 519 in
365 474 516 520 eodem
544 492 554 519 ε
586 476 736 518 «Cum
770 472 899 528 dicit,
939 472 1107 534 inquit,
1150 472 1450 533 sapientiorem

81 553 345 602 serpentem,
384 543 584 602 intelligis
605 559 735 605 quem
754 541 985 604 loquatur,
1024 541 1069 586 id
1106 552 1191 596 est,
1215 541 1339 586 illum
1367 541 1450 585 ad-

84 612 318 657 versarium
342 623 534 658 nostrum
554 649 565 667 ‚
589 613 665 674 qui
701 621 845 655 tamen
881 610 1016 655 habet
1037 611 1291 672 sapientiam
1322 610 1456 668 hujus

84 680 250 725 mundi.
278 681 362 727 Sed
385 693 426 727 et
442 681 643 744 voluptas
663 691 791 743 atque
817 679 1045 724 delectatio
1068 679 1177 724 bene
1195 679 1362 741 sapiens
1382 678 1455 723 di-

85 748 224 804 citui-3
253 751 352 813 quia
372 762 414 795 et
453 754 595 797 carnis
619 749 862 812 appellatur
893 748 1126 811 sapientia:
1153 748 1265 792 sicut
1291 747 1452 801 habes,

86 838 105 858 «
133 818 246 874 Quia
276 821 484 884 sapientia
521 821 653 880 hujus
687 819 828 864 carnis
851 818 1027 863 inimica
1062 828 1123 863 est
1144 818 1234 863 Deo
1253 817 1287 864 1.
1330 818 1386 862 Et
1404 817 1458 863 ad

86 889 346 950 exquirenda
369 891 705 937 delectationum
736 906 888 949 genera
912 888 1041 934 astuti
1067 898 1189 943 sunt,
1219 887 1297 951 qui
1320 905 1460 950 appe-

86 966 221 1003 tentes
238 970 337 1006 sunt
356 960 650 1024 voluptatum.
679 959 777 1004 Sive
801 975 918 1017 ergo,
940 958 1102 1022 inquit,
1134 957 1461 1003 delectationem

88 1025 314 1086 intelliga5‚
333 1029 534 1090 quaedam
551 1039 613 1074 est
626 1028 774 1074 divino
789 1027 964 1072 adversa
981 1026 1207 1081 mandato,
1228 1037 1270 1071 et
1286 1027 1464 1073 inimica

89 1095 281 1146 sensibus
302 1097 472 1144 nostris.
500 1097 627 1143 Unde
654 1106 828 1141 sanctus
850 1095 1014 1147 Paulus
1038 1095 1113 1150 ait,
1134 1116 1154 1137 α
1179 1095 1315 1141 Video
1335 1095 1464 1141 aliam

90 1184 110 1204 »
126 1163 260 1224 legem
285 1167 330 1212 in
353 1168 558 1215 membris
582 1167 703 1222 meis,
730 1175 1041 1228 repugnantem
1063 1165 1147 1224 legi
1165 1166 1319 1211 mentis
1336 1182 1462 1220 meae,

89 1254 109 1275 ³>
133 1244 174 1278 et
190 1236 483 1298 captivantem
502 1254 570 1282 me
588 1237 633 1282 in
658 1236 748 1295 lege
768 1235 941 1298 peccati
960 1235 992 1281 2.
1022 1256 1043 1275 >³
1059 1235 1242 1290 Qualem
1266 1236 1465 1297 volupta-

91 1313 174 1348 tem
195 1304 314 1352 dicat
336 1307 538 1355 hocloco
557 1309 635 1352 iste
653 1306 822 1362 doctor,
847 1306 893 1351 in
925 1315 1137 1368 promptu
1169 1316 1255 1361 est,
1295 1307 1398 1368 quia
1420 1315 1469 1350 ut

89 1372 424 1433 intelligeremus
439 1413 449 1431 ,
491 1376 697 1422 adhibuit
724 1375 921 1437 Apostoli
943 1375 1237 1420 testimonium
1259 1374 1441 1421 dicentis
1455 1412 1466 1425 ,

93 1463 112 1489 ς(
131 1443 266 1489 Video
290 1446 417 1492 aliam
444 1447 579 1506 legem
610 1448 654 1492 in
678 1446 883 1491 membris
898 1445 1021 1500 meis,
1051 1457 1365 1507 repugnantem
1384 1445 1467 1504 legi

94 1534 114 1558 ›>
135 1516 286 1559 mentis
297 1533 420 1571 meae,
436 1527 476 1561 et
496 1517 788 1579 captivantem
804 1533 871 1560 me
890 1518 933 1561 in
946 1515 1035 1574 lege
1045 1516 1228 1577 peccati.
1245 1537 1265 1556 »
1280 1516 1388 1561 Haec
1407 1526 1469 1561 est

93 1582 295 1646 voluptas
320 1585 392 1631 illa
408 1597 605 1648 suscepta
626 1597 714 1642 tua,
739 1585 936 1647 quamvis
948 1595 988 1630 et
1007 1595 1055 1631 tu
1069 1585 1358 1647 reprehendas
1376 1589 1467 1644 ejus

95 1669 324 1700 excessum.
355 1656 442 1700 [bi
471 1656 610 1718 qualis
627 1656 697 1710 sit,
717 1655 844 1718 plane
861 1655 1005 1701 fateris
1031 1672 1042 1700 :
1064 1655 1137 1700 sed
1163 1656 1295 1701 tantis
1315 1657 1471 1701 verbo-

96 1740 193 1768 rum
215 1727 481 1771 ornamentis
504 1744 596 1771 eam
616 1726 882 1776 moderatam
897 1724 1091 1770 defendis
1106 1735 1147 1770 et
1165 1724 1333 1781 laudas,
1354 1726 1476 1788 quasi

96 1793 223 1837 istum
243 1794 419 1840 modum
433 1796 621 1858 sibiipsa
643 1795 928 1841 constituerit.
951 1806 992 1840 et
1012 1812 1100 1839 non
1117 1795 1293 1857 spiritus
1309 1796 1385 1858 qui
1401 1796 1473 1841 ad-

97 1878 241 1907 versus
255 1867 345 1922 ejus
368 1865 580 1927 impetum
600 1865 886 1927 concupiscit.
917 1863 1132 1910 Adversus
1151 1881 1281 1927 quem
1305 1865 1472 1911 fortiter

99 1932 241 1976 stabat
259 1933 347 1989 ille,
362 1936 437 1997 qui
453 1935 688 1987 clamabat,
712 1957 732 1977 α
749 1935 880 1980 Video
901 1934 1028 1980 aliam
1049 1935 1184 1994 legem
1204 1935 1248 1980 in
1270 1936 1474 1981 membris

101 2023 121 2043 «
143 2003 246 2047 meis
267 2017 583 2068 repugnantem
606 2006 688 2066 legi
713 2007 869 2055 mentis
888 2022 1008 2052 meae.
1046 2026 1066 2046 D
1091 2006 1173 2052 Iste
1196 2007 1478 2068 repugnantis

99 2071 286 2134 impetus
311 2074 344 2119 si
366 2074 546 2131 laxetur,
569 2076 612 2121 in
631 2092 731 2138 quae
764 2075 1001 2121 declinabit
1029 2075 1285 2120 immunda?
1307 2076 1352 2120 in
1378 2093 1478 2138 quae

102 2158 191 2186 non
202 2144 427 2204 pertrahet
438 2146 786 2208 etpraecipitabit
799 2146 987 2208 abrupta
1003 2149 1020 2191 ἓ
1034 2146 1194 2194 Verum
1208 2163 1343 2199 nunc,
1358 2147 1479 2208 quod

104 2211 409 2273 potiusinstat,
428 2231 526 2261 ecce
544 2232 631 2260 non
650 2215 891 2263 secundum
909 2232 985 2262 vos
995 2215 1261 2277 quicumque
1278 2215 1476 2272 Judaeus,

105 2280 176 2335 sed
193 2282 431 2330 secundum
443 2285 619 2331 beatum
636 2285 911 2333 Ambrosium
933 2285 987 2333 de
1009 2303 1051 2332 se
1069 2286 1164 2348 ipso
1176 2285 1339 2333 Paulus
1357 2303 1480 2349 apos-

107 2351 222 2396 tolus
240 2350 361 2408 dicit,
377 2354 542 2399 «Video
555 2354 679 2400 aliam
694 2354 830 2413 legem
847 2355 891 2399 in
905 2356 1110 2400 membris
1124 2355 1226 2400 meis
1240 2373 1483 2419 repugnan-

109 2443 130 2463 »
148 2433 234 2467 tem
246 2422 329 2483 legi
348 2424 503 2470 mentis
513 2441 638 2480 meae,
656 2434 698 2470 et
717 2425 1007 2492 captivantem
1024 2443 1091 2480 me
1108 2426 1153 2479 in
1166 2426 1255 2487 Iege
1265 2428 1446 2490 peccati.
1465 2449 1486 2469 ›>

159 2536 171 2558 ²
188 2547 204 2567 2
220 2538 294 2569 Cor.
308 2547 372 2575 xxx,
394 2548 445 2569 η.
460 2536 728 2578 —2Rom.v111‚
748 2547 780 2579 7.
795 2555 840 2562 —
858 2536 875 2560 2
889 2537 940 2570 Id.
959 2549 1017 2577 vix,
1035 2539 1091 2572 23.

351 2590 360 2601 ,
