1843 3190
311 221 404 269 336
709 235 743 263 s.
790 233 1030 262 AL'GUSTINI
1066 233 1282 263 Ei‘iscori.

313 314 384 348 tur
406 319 417 346 :
439 323 457 340 υ
481 317 568 345 non
602 297 822 344 attendisti
856 308 1083 360 propterea
1112 314 1179 342 me
1212 296 1482 360 praedixisse,
1505 317 1525 339 ε(
1547 299 1604 343 [t
1628 298 1683 344 ad

315 389 445 436 opera
463 370 547 415 sibi
567 386 758 429 congrua
781 379 1066 422 moveantur3
1092 390 1112 409 ›>
1137 385 1186 413 ac
1221 385 1295 431 per
1329 367 1413 413 hoc
1434 367 1467 413 si
1485 385 1532 414 ea
1554 368 1684 415 volu-

316 460 412 490 mus
437 441 608 486 flectere
642 456 730 502 quo
769 456 917 484 eorum
949 449 1103 484 natura
1139 456 1226 483 non
1261 438 1444 501 patitur,
1477 438 1531 484 ad
1556 457 1687 502 opera

318 512 403 558 sibi
423 528 510 556 non
529 527 803 569 concongrua
828 527 915 554 non
939 519 1191 573 sequuntur.
1232 510 1395 554 Tamen
1423 509 1599 572 quando
1641 527 1689 555 ea

319 581 538 645 sequentia
569 579 813 625 voluntario
849 590 971 625 motu
1014 579 1206 639 agimus‚
1246 578 1441 624 libidinis
1473 578 1689 638 adjutorio

321 670 407 699 non
427 667 629 711 egemus:
664 661 828 696 etcum
856 651 910 694 ab
945 650 1002 694 eis
1031 648 1253 694 movendis
1285 666 1444 694 cessare
1469 648 1688 705 volumus,

321 724 530 770 continuo
550 737 763 766 cessamus
782 758 792 775 ‚
819 737 898 765 nec
918 731 1069 765 contra
1092 719 1360 766 voluntatem
1388 730 1578 765 nostram
1611 720 1692 765 sti-

318 792 452 839 -mulis
475 790 671 835 libidinis
693 790 946 835 excitantur.

388 863 533 909 Xxu.
577 861 687 905 Sane
722 860 842 923 quod
879 860 988 905 dicis
1019 877 1028 904 :
1072 881 1092 901 c<
1123 859 1264 904 Etiam
1303 860 1503 919 genitalia
1540 860 1696 906 servire

327 934 459 981 animi
482 931 664 994 imperio
683 950 694 983 3
717 953 736 972 »
763 948 917 976 novam
936 929 1174 994 qua-indam
1199 930 1427 976 libidinem
1455 931 1562 977 dicis
1577 968 1588 987 ‚
1624 941 1699 976 aut

325 1004 435 1051 forte
455 1001 583 1047 nimis
603 1001 846 1063 antiquam,
870 1000 1011 1063 qualis
1033 1010 1073 1045 et
1089 1000 1134 1045 in
1148 1000 1349 1063 paradiso
1368 1018 1453 1046 esse
1470 1003 1696 1064 potuisset,

329 1075 503 1119 sinemo
527 1081 757 1134 peccasset.
803 1070 888 1116 Sed
918 1070 1025 1132 quid
1055 1069 1160 1115 hinc
1185 1080 1328 1116 tecum
1347 1088 1496 1130 agam,
1525 1070 1701 1134 quando

329 1142 642 1207 posterioribus
671 1141 814 1185 verbis
844 1150 886 1184 et
923 1140 1009 1185 hoc
1042 1139 1178 1193 tollis,
1215 1140 1376 1202 quibus
1401 1140 1537 1186 dicis:
1562 1163 1582 1182 «
1605 1143 1703 1186 Non

331 1213 493 1260 moveri
525 1212 623 1257 haec
657 1210 711 1256 ad
743 1211 874 1256 animi
904 1210 1164 1273 imperium,
1203 1210 1275 1255 sed
1308 1212 1456 1273 potius
1481 1222 1704 1274 expectare

332 1284 622 1331 consensum?
644 1302 665 1322 ›>
692 1282 780 1326 Nec
798 1292 941 1326 tamen
955 1281 1051 1326 ideo
1065 1280 1195 1326 debes
1212 1282 1336 1326 istam
1359 1281 1586 1327 libidinem
1601 1281 1702 1326 fami

331 1355 400 1401 vel
420 1353 510 1398 aliis
536 1351 739 1397 molestiis
767 1352 922 1396 nostris
959 1368 1222 1414 comparare.
1264 1351 1396 1407 Quod
1435 1353 1548 1397 enim
1580 1369 1707 1398 nemo

335 1441 433 1472 cum
462 1422 557 1469 vult
590 1421 748 1478 esurit,
777 1432 850 1467 aut
873 1422 991 1477 sitit,
1020 1432 1093 1466 aut
1117 1421 1300 1480 digerit3
1332 1421 1583 1482 indigentiae
1607 1433 1708 1468 sunt

335 1497 428 1542 istae
460 1492 680 1538 reficiendi
711 1492 779 1538 vel
804 1491 1059 1538 exonerandi
1097 1492 1321 1554 corporis,
1348 1493 1508 1555 quibus
1547 1494 1708 1538 subve-

336 1564 544 1612 niendum
560 1573 638 1619 est,
664 1580 718 1608 ne
740 1562 943 1618 laedatur,
975 1573 1049 1608 aut
1077 1562 1247 1608 occidat
1270 1581 1280 1607 :
1308 1563 1523 1626 numquid
1566 1574 1710 1608 autem

338 1636 513 1682 laeditur
538 1644 612 1679 aut
634 1633 797 1679 occidit
816 1650 994 1696 corpus,
1017 1633 1050 1678 si
1071 1633 1245 1678 libidini
1267 1650 1353 1677 non
1368 1633 1629 1679 adhibeatur
1643 1651 1711 1678 as—

341 1708 513 1753 sensus?
539 1705 740 1750 Discerne
760 1721 858 1763 ergo
878 1703 990 1749 mala
1016 1721 1116 1767 quae
1148 1721 1226 1767 per
1249 1704 1505 1766 patientiam
1526 1704 1712 1751 sustine-

341 1794 464 1833 mus,
504 1776 559 1820 ab
594 1776 651 1820 eis
683 1775 804 1819 malis
837 1791 936 1837 quae
969 1792 1047 1838 per
1083 1775 1394 1820 continentiam
1429 1774 1706 1820 refrenamus.

342 1849 453 1894 Nam
471 1857 513 1891 et
530 1845 602 1890 illa
623 1846 735 1890 mala
761 1855 883 1901 sunt,
911 1862 1009 1907 quae
1034 1846 1078 1889 in
1106 1862 1290 1908 corpore
1309 1844 1459 1889 mortis
1478 1845 1610 1904 hujus
1630 1861 1715 1907 po-

342 1918 504 1964 tuimus
545 1915 739 1979 experiri.
788 1917 977 1971 Quantae
1013 1926 1155 1961 autem
1196 1926 1237 1960 et
1283 1932 1414 1977 quam
1469 1915 1715 1978 tranquiilae

341 1986 563 2053 potestatis
582 2002 768 2030 essemus
787 1985 917 2030 etiam
935 1985 989 2031 de
1011 1986 1080 2030 his
1103 1985 1312 2040 motibus,
1335 1985 1496 2047 quibus
1515 1985 1717 2030 alimenta

342 2068 574 2106 sumuntur
598 2067 639 2101 et
659 2056 914 2116 digeruntur
933 2093 943 2111 ‚
971 2057 1016 2101 in
1039 2057 1112 2101 illa
1143 2056 1349 2101 felicitate
1378 2055 1599 2119 paradisi,
1623 2056 1718 2118 quis

344 2131 479 2196 possit
496 2139 544 2174 ut
561 2138 726 2173 certum
751 2138 811 2172 est
829 2127 1035 2187 indagare
1052 2164 1062 2183 ,
1098 2127 1194 2191 quis
1217 2137 1265 2172 ut
1285 2126 1467 2187 dignum
1491 2138 1557 2172 est
1579 2127 1719 2190 expli-

344 2204 474 2248 care?
497 2199 583 2244 [bi
615 2199 750 2255 absit,
773 2210 820 2244 ut
843 2199 1068 2244 credamus
1083 2236 1094 2255 ,
1125 2198 1291 2261 aliquid
1329 2197 1456 2243 fuisse
1482 2198 1597 2243 unde
1620 2215 1720 2243 scn-

345 2289 439 2317 sum
467 2280 687 2325 nostrum,
715 2270 802 2315 sive
821 2269 1094 2324 intrinsecus,
1123 2269 1209 2314 sive
1234 2269 1490 2314 extrinsecus
1508 2281 1581 2314 aut
1598 2268 1722 2314 dolor

346 2352 581 2406 pangeret,
606 2351 679 2385 aut
695 2340 823 2385 labor
845 2340 1043 2400 fatigaret
1065 2378 1075 2388 .
1117 2350 1191 2384 aut
1220 2339 1366 2401 pudor
1403 2339 1688 2384 confunderet
1708 2377 1718 2395 ‚

346 2423 420 2458 aut
434 2411 562 2457 ardor
579 2421 736 2463 ureret,
750 2421 823 2455 aut
833 2411 952 2470 algor
963 2411 1204 2469 stringeret,
1223 2420 1295 2454 aut
1307 2409 1716 2456 horroroffenderct.

411 2481 580 2528 XXIII.
622 2479 741 2535 Quid
783 2480 902 2543 quod
958 2481 1081 2525 istam
1125 2479 1468 2542 pulcherrimam
1518 2477 1724 2525 famulam

345 2566 485 2611 tuam,
503 2568 635 2616 quam
654 2568 721 2600 me
741 2551 880 2615 pudet
901 2551 1067 2599 assidue
1087 2551 1154 2598 vel
1177 2550 1466 2615 vituperando
1481 2551 1721 2609 nominare,
