1843 3190
307 292 481 325 CONTRA
516 291 744 325 :ULIANUM
778 292 1084 337 ΡΕιΑαῐΑΝυΜ,
1123 295 1211 328 mn.
1251 298 1294 327 v.
1393 282 1480 341 341

108 358 223 406 enim
242 376 318 420 ego
335 359 382 405 in
395 360 509 406 libro
529 376 624 406 meo
642 358 789 422 posui,
808 360 879 406 cui
898 360 1048 406 cedere
1071 361 1237 406 utinam
1257 377 1388 424 quam
1415 381 1488 409 re-

107 430 251 476 sistere
265 430 501 487 maluisses,
529 430 654 489 longe
674 429 804 475 distat
822 431 877 475 ab
895 431 985 476 istis
1008 431 1274 477 Paternianis
1299 449 1371 477 seu
1400 434 1488 479 Ve-

105 501 329 547 nustianis.
357 501 449 560 Ego
469 500 580 545 enim
615 500 855 545 secundum
883 501 1148 547 catholicam
1166 501 1317 557 fidem,
1342 513 1485 549 totum

104 570 344 626 hominem,
372 580 508 616 totam
545 569 708 615 scilicet
732 570 922 615 animam
957 581 1183 633 totumque
1209 589 1368 634 corpus
1393 576 1484 632 ejus

105 640 196 685 Deo
215 657 384 685 summo
397 651 438 685 et
452 657 551 686 vero
574 640 721 685 tribuo
736 641 919 685 creatori
941 658 951 685 :
974 641 1201 686 diabolum
1222 653 1362 687 autem
1383 643 1481 689 dico

101 709 342 755 humanam
361 710 429 755 vel
442 709 608 773 aliquid
631 713 721 768 ejus
738 727 826 755 non
852 727 1012 756 creasse
1027 748 1039 767 ‚
1065 711 1135 756 sed
1157 711 1326 757 vitiasse
1350 723 1483 758 natu-

52 811 56 815 ·
101 796 192 825 ram
207 801 218 834 ;
236 781 622 844 contraqueipsam
636 779 900 826 diabolicam
920 781 1112 843 plagam,
1131 798 1230 844 quae
1244 782 1321 826 Dei
1339 783 1483 845 opitu-

100 848 260 895 latione
271 850 461 896 sananda
484 860 564 906 est,
588 849 728 896 donec
764 850 819 895 ab
833 867 881 895 ea
894 851 1065 914 penitus
1078 850 1334 903 liberemur,
1354 852 1482 898 nobis

99 935 186 964 esse
197 920 482 982 pugnandum
503 938 608 966 :nec
627 921 812 965 animam
824 938 910 984 qua
922 937 1081 983 corpus
1092 921 1214 975 vivit,
1236 921 1480 967 universam

98 990 328 1045 mundam,
352 1001 565 1054 quantum
587 991 633 1036 in
655 990 740 1036 hac
766 990 855 1036 vita
880 990 1070 1036 mundus
1098 991 1231 1036 homo
1246 1001 1324 1046 est,
1351 1009 1478 1053 posse

97 1060 274 1116 servari,
300 1060 334 1106 si
352 1061 719 1124 concupiscentiae
743 1061 883 1106 carnis
908 1061 964 1106 ad
1000 1061 1162 1120 flagitia
1186 1062 1479 1123 perpetranda

98 1139 140 1175 et
162 1147 350 1194 quaeque
365 1131 594 1177 immunda
614 1131 889 1177 consenserit.
918 1131 1143 1187 Quantum
1168 1148 1267 1190 ergo
1289 1132 1477 1194 pertinet

97 1200 151 1245 ad
168 1201 292 1246 istam
319 1201 583 1247 calumniam
607 1212 744 1257 tuam,
768 1200 985 1264 numquid
1008 1201 1146 1245 habes
1167 1201 1370 1246 adversus
1394 1202 1476 1247 ista

95 1287 196 1333 quae
228 1270 375 1317 dicas?
417 1271 548 1327 Quod
576 1272 610 1317 si
632 1288 791 1334 parum
815 1282 894 1327 est,
914 1288 1013 1317 ecce
1032 1270 1194 1316 danmo
1219 1281 1259 1316 et
1287 1271 1472 1315 anathe-

94 1341 251 1387 matizo
264 1359 313 1387 ea
324 1359 424 1406 quae
445 1342 724 1388 Paternianos
739 1359 811 1387 seu
828 1342 1111 1388 Venustiauos
1125 1342 1277 1387 sentire
1296 1341 1436 1386 dixisti
1456 1361 1468 1395 3

94 1410 209 1456 addo
231 1412 361 1457 etiam
383 1412 652 1458 Manichaeos
679 1430 689 1456 ε
715 1423 921 1476 utrosque
944 1429 1047 1457 cum
1074 1412 1242 1457 caeteris
1254 1411 1471 1457 haereticis

92 1498 279 1538 execror,
326 1482 505 1534 damno,
532 1483 848 1528 anathematizo
871 1519 882 1538 ‚
922 1483 1122 1529 detestor.
1153 1482 1271 1539 Quid
1310 1482 1469 1545 quaeris

92 1551 306 1614 amplius?
329 1552 445 1598 Exue
467 1563 506 1598 te
523 1552 769 1608 calumniis,
792 1552 960 1598 viribus
985 1551 1168 1607 luctare,
1187 1569 1274 1597 non
1296 1551 1468 1596 fraudi-

90 1621 186 1668 bus.
204 1621 435 1685 Responde
453 1622 568 1668 unde
583 1623 654 1678 sit,
669 1622 740 1668 cui
759 1622 840 1667 nisi
859 1632 1141 1686 repugnetur,
1156 1622 1277 1667 nulla
1298 1622 1468 1667 castitas

89 1691 346 1739 custoditur.
370 1693 469 1738 Non
489 1703 550 1738 est
562 1703 676 1738 certe
698 1703 852 1737 natura
872 1703 1002 1755 atque
1025 1692 1284 1747 substantia,
1306 1708 1464 1736 secun-

89 1760 195 1807 dum
237 1761 267 1807 V
270 1763 516 1809 enustianos
541 1773 583 1809 et
611 1762 907 1808 Manichaeos:
952 1762 986 1807 si
1010 1779 1089 1807 nec
1113 1762 1267 1807 vitium
1297 1772 1466 1806 naturae

87 1843 167 1889 est,
190 1832 298 1896 quid
313 1837 401 1880 est?
430 1834 628 1893 Exurgit‚
650 1833 881 1896 opprimo;
912 1833 1128 1888 renititur,
1169 1832 1363 1886 refreno3
1391 1849 1461 1877 re-

87 1913 273 1965 pugnat,
305 1920 518 1967 expugno.
558 1904 611 1948 In
637 1913 726 1949 tota
751 1903 895 1948 anima
920 1913 961 1947 et
988 1913 1078 1948 toto
1099 1919 1282 1965 corpore
1305 1901 1466 1947 condi-

88 1981 224 2017 torem
258 1972 404 2019 habeo
441 1972 562 2036 pacis
586 1974 727 2018 Deum
763 1990 773 2017 :
801 1972 899 2035 quis
933 1972 977 2017 in
1008 1989 1076 2017 me
1108 1971 1334 2017 seminavit
1375 1971 1463 2016 hoc

86 2042 286 2089 bellum?
316 2043 460 2101 Solve,
485 2042 711 2107 Apostole‚
736 2042 1039 2106 quaestionem,
1065 2054 1193 2106 atque
1214 2041 1424 2105 responde
1447 2059 1459 2085 t

85 2133 105 2154 α
131 2114 216 2159 Per
237 2130 374 2160 unum
398 2114 623 2159 hominem
646 2125 876 2177 peccatum
903 2113 1082 2159 intravit
1103 2115 1147 2159 in
1169 2112 1402 2168 mundum,
1422 2122 1464 2157 et

85 2204 107 2224 n
125 2201 202 2246 per
224 2194 458 2247 peccatum
486 2201 619 2239 mors,
649 2196 690 2229 et
712 2185 772 2229 ita
790 2184 836 2229 in
855 2201 1002 2229 omnes
1029 2184 1228 2229 homines
1257 2193 1461 2246 pertran-

85 2275 105 2295 »
128 2254 223 2312 siit,
263 2254 310 2300 in
332 2271 421 2318 quo
451 2271 598 2300 omnes
618 2254 960 2318 peccaverunt1.
978 2276 999 2296 »
1041 2254 1128 2301 Sed
1151 2271 1239 2299 non
1262 2253 1357 2298 vult
1378 2253 1402 2296 J
1408 2270 1462 2298 u·-

82 2323 238 2371 lianus.
279 2325 339 2370 Et
371 2324 427 2371 ad
446 2325 535 2371 hoc
551 2362 562 2381 ‚
593 2325 798 2389 Apostole
818 2325 943 2370 beate
958 2361 969 2373 .
996 2324 1208 2388 responde
1230 2341 1240 2368 :
1265 2345 1284 2364 α
1304 2323 1349 2369 Si
1370 2323 1467 2386 quis

84 2414 106 2436 2>
129 2394 253 2441 vobis
281 2395 603 2441 annuntiaverit
626 2407 785 2459 praeter
807 2395 927 2459 quod
955 2395 1203 2458 accepistis,
1231 2394 1462 2440 anathema

83 2485 104 2506 ›>
127 2464 183 2510 sit
203 2464 237 2512 ².
259 2486 280 2507 ³)

146 2535 330 2582 XXVII.
347 2556 368 2577 «
382 2535 468 2582 Sed
477 2535 512 2581 si
525 2535 773 2596 connivero,
787 2537 899 2583 sicut
911 2536 1033 2594 dicis,
1045 2535 1257 2582 invictum
1269 2551 1354 2581 esse
1364 2533 1462 2580 libi-

129 2619 253 2651 ⁸Rom‚
273 2629 308 2661 v,
330 2629 386 2652 ω.
404 2635 449 2643 -
470 2616 486 2640 ²
503 2619 611 2652 Galat.
634 2631 665 2656 ι,
685 2632 720 2661 9.
