1843 3190
315 295 489 327 CONTRA
524 295 751 329 JULIANUM
787 299 1092 344 ΡΕιΑρῙΑΝυΜ,
1132 303 1218 333 Lm.
1262 306 1322 336 vr.
1399 289 1485 348 [101

119 378 260 417 verso,
280 362 353 408 secl
379 379 521 409 errore
538 362 705 409 diverso
723 382 734 421 3
753 376 895 428 potest
916 384 1092 430 prorsus
1105 367 1194 413 dici
1217 369 1350 426 Deus,
1372 372 1493 434 quod

119 449 197 478 nos
221 432 376 478 sentire
413 432 466 479 de
488 432 682 496 parvulis
706 434 814 481 dicis
841 454 852 482 ι
883 457 905 480 «
925 437 992 484 Ad
1022 438 1189 484 inimici
1223 440 1288 485 sui
1324 440 1496 488 lucrum

119 519 289 565 semper
305 502 572 557 industrius3
613 504 716 567 quia
741 522 811 550 eos
832 523 945 570 quos
967 508 1105 564 novit,
1133 525 1222 555 non
1253 509 1306 555 ad
1326 520 1498 574 tempus

118 572 200 617 sub
218 572 395 618 diabolo
407 571 594 628 futuros,
615 574 688 619 sed
705 592 805 621 curn
824 576 900 621 illo
917 593 1085 640 semper
1105 596 1292 636 arsuros,
1315 598 1403 627 non
1419 581 1496 627 de-

117 641 220 687 sinit
233 659 392 700 creare,
411 644 594 699 nutrire,
618 644 789 693 vestire.
808 646 952 709 eisque
969 647 1314 709 pertinacissima
1328 651 1495 714 iniqui-

116 723 205 758 tate
234 714 522 776 peccantibus
545 714 680 760 Vitam
713 715 982 779 salutemque
1021 718 1367 768 subministrare.
1409 723 1496 768 Sed

115 782 220 829 facit
242 784 329 829 hoc
347 785 461 830 Deus
484 785 707 848 quomodo
721 786 858 832 sciens
877 787 988 832 bene
1007 788 1071 832 uti
1091 798 1132 833 et
1145 788 1272 834 bonis
1287 801 1329 835 et
1345 791 1493 850 malis3

116 857 242 913 cujus
264 855 498 914 majestatis
524 855 674 901 usibus
706 873 794 901 non
836 856 976 901 solum
1015 874 1085 903 eos
1111 875 1217 921 quos
1240 861 1401 922 premit
1420 873 1498 907 aut

110 922 293 986 decipit,
314 924 387 970 secl
407 942 487 971 nec
513 942 554 970 se
575 926 721 988 ipsum
742 925 1040 986 malignitatis,
1068 928 1196 974 ullius
1217 940 1306 975 arte
1326 930 1486 977 diabo-

112 992 181 1039 lus
214 995 451 1041 subtrahit.
487 996 550 1041 Ac
569 1013 647 1058 per
666 996 753 1041 hoc
773 1013 860 1041 non
885 997 1104 1059 pertinent
1145 999 1200 1044 ad
1243 1000 1489 1060 diabolum,

111 1064 188 1127 qui
209 1075 421 1110 eruuntur
446 1064 499 1111 de
519 1065 686 1111 diaboli
702 1077 911 1129 potestate
933 1084 944 1111 ε
971 1067 1049 1131 qui
1071 1085 1171 1115 vero
1194 1069 1248 1115 ad
1271 1087 1372 1117 eum
1392 1090 1487 1136 per-

114 1135 268 1190 tinent,
283 1135 328 1180 in
354 1135 452 1192 Dei,
473 1136 709 1199 sicutipse,
732 1147 832 1182 sunt
851 1147 1077 1199 potestate.

179 1205 344 1258 XXVI,
366 1205 514 1262 Quam
529 1223 692 1252 vanum
713 1217 773 1252 est
787 1206 937 1266 igitur,
962 1207 1082 1269 quod
1098 1210 1270 1256 acutule
1286 1221 1326 1257 te
1344 1211 1496 1259 dixisse

115 1275 355 1331 arbitraris,
381 1276 506 1339 quasi
528 1293 762 1322 asseramus
790 1294 801 1321 t
824 1297 845 1318 «
867 1277 964 1322 Hoc
987 1277 1101 1324 inter
1119 1296 1160 1324 se
1180 1279 1327 1328 foedus
1352 1282 1498 1330 iniisse

113 1345 344 1391 diabolum
357 1356 400 1392 et
415 1347 574 1401 Deum,
595 1357 645 1392 ut
657 1345 876 1409 quidquid
890 1346 1187 1410 perfunditur,
1207 1350 1347 1406 Deus;
1368 1353 1496 1415 quid-

114 1417 223 1481 quid
243 1417 454 1473 nascitur‚
478 1416 680 1462 diabolus
695 1417 780 1462 sibi
797 1417 988 1463 vindicet
1006 1435 1016 1462 :
1035 1435 1083 1464 ea
1099 1429 1242 1465 tamen
1255 1421 1364 1482 lege,
1386 1423 1500 1469 sicut

113 1488 240 1543 dicis,
272 1498 322 1533 ut
344 1488 483 1550 ipsam
508 1488 860 1534 commixtionem
887 1505 1020 1552 quam
1059 1489 1260 1536 diabolus
1283 1492 1491 1551 instituit,

114 1560 232 1605 Deus
262 1558 447 1605 obnoxia
471 1558 632 1604 virtute
655 1557 899 1605 foecundet.
930 1580 951 1600 »
976 1559 1157 1605 Prorsus
1187 1578 1267 1607 nec
1305 1562 1495 1610 instituit

113 1628 313 1675 diabolus
328 1628 677 1674 commixtionem
691 1646 701 1686 3
719 1628 927 1692 quoniam
943 1640 1047 1674 esset
1061 1640 1104 1675 et
1121 1631 1154 1675 si
1173 1648 1300 1677 nemo
1317 1650 1491 1696 peccas-

112 1710 204 1746 set:
226 1699 379 1745 sedita
399 1709 522 1754 esset,
559 1709 607 1745 ut
641 1709 718 1744 tua
742 1698 806 1744 ibi
828 1703 1026 1761 suscepta
1043 1699 1111 1745 vel
1133 1700 1255 1746 nulla
1278 1713 1399 1760 esset,
1423 1704 1493 1751 vel

110 1770 305 1834 inquieta
323 1787 411 1815 non
427 1780 532 1815 esset
558 1787 569 1814 ε
598 1786 677 1815 nec
692 1769 878 1814 obnoxia
900 1770 1077 1826 virtute,
1106 1786 1148 1816 se
1168 1770 1305 1817 libera
1327 1783 1369 1819 et
1400 1791 1491 1837 po-

111 1841 329 1887 tentisima
352 1842 469 1887 Deus
490 1839 721 1886 foecundat
744 1850 888 1885 uteros
911 1839 1212 1896 foeminarum,
1232 1842 1362 1889 etiam
1387 1861 1489 1892 vasa

112 1910 332 1957 diabolica
354 1909 586 1973 parituros.
615 1910 738 1955 Sicut
762 1910 877 1954 enim
900 1908 1155 1955 hominibus
1189 1911 1312 1957 malis
1330 1949 1341 1968 ,
1368 1914 1427 1959 ita
1445 1925 1488 1961 et

111 1982 345 2028 seminibus
368 1998 429 2040 ex,
454 1979 617 2039 origine
654 1979 831 2035 vitiatis,
860 1979 907 2024 in
929 1979 1091 2043 quibus
1111 1980 1229 2026 bona
1244 1992 1306 2027 est
1333 1983 1390 2029 ab
1408 1984 1485 2030 illo

110 2063 253 2098 creata
283 2051 544 2107 substantia,
579 2050 914 2105 incrementum,
952 2050 1156 2107 formam,
1187 2053 1316 2098 vitam
1334 2089 1345 2111 ,
1375 2055 1487 2101 salu-

110 2133 284 2186 temque
304 2122 488 2181 largitur
511 2121 698 2180 gratuita
721 2121 941 2175 bonitate,
969 2121 1090 2166 nulla
1120 2123 1384 2180 necessitate,
1413 2126 1488 2171 in·-

110 2191 347 2256 superabili
364 2201 591 2254 potestate,
614 2191 987 2254 irreprehensibili
1013 2193 1204 2239 veritate.
1235 2193 1346 2239 Cum
1384 2212 1487 2256 ergo

110 2273 348 2325 utrumqne
368 2262 414 2307 in
437 2271 649 2325 potestate
672 2262 725 2306 sit
748 2261 845 2317 Dei,
871 2272 913 2306 ct
932 2260 1052 2324 quod
1075 2261 1356 2324 perfunditur
1374 2267 1489 2313 scili-

109 2343 195 2388 cet,
223 2343 264 2378 et
283 2331 405 2395 quod
421 2331 629 2386 nascitur,
672 2348 694 2375 a
713 2333 838 2390 cujus
860 2341 1070 2394 potestate
1107 2331 1270 2378 alienus
1291 2351 1369 2381 nec
1392 2336 1487 2400 ipse

107 2402 310 2449 diabolus
320 2402 557 2458 invenitur,
572 2412 621 2446 tu
635 2400 724 2447 duo
741 2401 824 2447 ista
848 2401 1069 2465 quomodo
1089 2403 1299 2465 posuisti?
1320 2406 1482 2454 Utrum

108 2472 261 2518 melius
279 2489 364 2517 esse
380 2471 556 2517 voluisti
582 2471 701 2516 nasci
722 2488 852 2534 quam
867 2471 1073 2534 perfundi
1090 2475 1108 2516 Ρ
1135 2475 1201 2518 An
1226 2473 1378 2520 melius
1397 2493 1485 2523 esse

105 2542 330 2608 perfundi,
362 2542 539 2605 quiaibi
553 2553 614 2587 est
629 2552 670 2588 et
695 2543 847 2588 nasei?
873 2543 969 2587 'Non
992 2543 1108 2588 enim
1124 2543 1330 2606 perfundi
1351 2556 1476 2609 pote-

107 2615 166 2661 rit
188 2613 265 2677 qui
285 2623 411 2657 natus
441 2629 529 2658 non
551 2612 696 2660 fuerit.
725 2615 792 2660 An
819 2623 1057 2676 utrumque
1087 2629 1213 2676 aequa
1233 2613 1357 2661 lance
1381 2634 1488 2681 per-

274 2698 407 2730 extu.
1298 2686 1357 2731 26
