1843 3190
329 279 422 345 [μα
748 295 784 327 s.
826 294 1071 328 mensum
1106 295 1311 328 Er1sco1>1

331 358 490 410 simum
505 358 770 422 Apostolicae
793 359 904 406 sedis
937 361 1215 425 episcopum,
1246 373 1295 408 ut
1318 363 1363 409 in
1382 374 1455 410 tua
1477 366 1703 429 pravitate

327 430 547 492 persistas,
572 430 941 492 praevaricationis
967 436 1172 478 accusas?
1192 433 1282 489 Qui
1304 450 1392 479 non
1407 437 1613 487 recessita
1628 453 1706 483 suo

328 516 587 563 praecessore
607 500 879 556 Innocentio,
907 518 1036 564 quern
1067 512 1115 547 tu
1131 503 1356 563 nominare
1386 504 1600 560 timuisti,
1632 506 1707 562 sed

329 569 518 619 maluisti
543 571 764 619 zosimum
782 608 793 627 ,
830 571 932 634 quia
957 572 1041 632 egit
1065 573 1270 636 primitus
1293 573 1431 620 lenius
1468 592 1569 620 cum
1597 577 1707 623 Coe-

329 640 453 689 lestio
480 660 491 687 ς
519 642 726 705 quoniam
744 659 784 688 se
808 642 854 689 in
865 643 933 688 his
948 644 1141 690 sensibus
1159 644 1357 701 vestrisl,
1377 666 1398 687 >2
1419 646 1464 691 Si
1484 646 1593 710 quid
1613 647 1707 693 dis-

328 710 736 774 pliceret,paratum
761 730 847 759 esse
858 713 1021 760 dixerat
1033 714 1192 775 corrigi
1204 751 1216 771 ,
1231 725 1274 761 et
1294 716 1540 762 Innocentii
1553 717 1708 763 litteris

330 798 642 830 consensurum
668 799 755 828 esse
788 784 1058 846 promiserat.

395 851 646 898 XXXVIII.
687 853 905 899 Memento
934 870 1032 899 sane
1063 853 1436 917 quemadmodum
1463 854 1517 901 de
1541 856 1707 902 consti-

330 920 493 968 tuendo
511 923 717 986 episcopo
735 923 1040 970 dissentionem
1059 924 1217 988 populi
1232 924 1421 971 Romani
1431 922 1708 973 insultabun-

330 992 414 1039 dus
438 992 628 1053 objectas
649 994 737 1056 (4).
762 994 895 1050 Quod
914 996 990 1041 abs
1010 1006 1049 1041 te
1064 1012 1232 1059 quaero,
1256 1006 1403 1042 utrum
1420 996 1620 1043 homines
1629 1014 1707 1043 sua

327 1061 510 1111 fecerint
528 1063 760 1111 voluntate.
789 1064 920 1121 Quod
943 1065 978 1111 si
1002 1083 1148 1127 negas,
1169 1065 1393 1129 quomodo
1420 1065 1609 1113 liberum
1626 1067 1707 1113 de-

330 1132 470 1194 fendis
491 1133 752 1180 arbitrium?
779 1134 827 1180 Si
853 1146 994 1182 autem
1017 1136 1179 1192 fateris,
1205 1135 1427 1200 quomodo
1455 1153 1554 1182 eum
1577 1154 1707 1196 vocas

330 1225 351 1255 ς(
375 1203 590 1250 Ultionem
633 1204 712 1250 Dei
731 1241 743 1261 ,
763 1227 782 1247 ›>
809 1216 938 1268 atque
977 1225 999 1252 a
1037 1218 1178 1259 vestro
1219 1206 1419 1266 dogmate
1455 1208 1670 1253 exorbitas
1691 1245 1703 1258 ,

330 1273 439 1319 dum
477 1273 623 1336 putari
659 1273 868 1321 divinitus
900 1276 1146 1322 vindicatus
1176 1277 1346 1322 affectas
1365 1279 1383 1322 ἓ
1425 1278 1492 1332 An
1530 1277 1705 1323 tandem

330 1343 566 1406 aliquando
591 1345 809 1399 concedis,
827 1346 947 1409 quod
970 1346 1307 1408 obstinatissima
1328 1347 1607 1400 contentione
1624 1364 1704 1392 ne-

330 1431 505 1473 gaveras
522 1451 532 1468 ,
553 1414 726 1460 occulto
750 1415 829 1462 Dei
851 1416 1022 1475 judicio
1045 1417 1139 1477 fieri
1155 1453 1166 1471 ,
1194 1425 1243 1461 ut
1264 1417 1310 1461 in
1331 1415 1439 1477 ipsis
1474 1416 1704 1473 hominum

328 1484 634 1529 voluntatibus
658 1484 906 1532 inveniatur
921 1487 1109 1550 aliquid,
1136 1486 1256 1550 quod
1280 1496 1321 1532 et
1343 1497 1574 1550 peccatum
1595 1487 1648 1532 sit
1665 1497 1706 1533 et

328 1571 463 1618 poena
481 1555 680 1617 peccati?
704 1555 801 1603 Hoc
824 1557 938 1603 enim
957 1557 1038 1603 m'si
1055 1558 1101 1603 in
1120 1558 1200 1603 ista
1223 1568 1297 1602 tua
1313 1556 1521 1612 sententia
1535 1557 1706 1620 sapuis-

331 1642 411 1677 seS,
433 1625 553 1671 nullo
583 1625 713 1671 modo
734 1625 898 1676 factum
918 1628 1152 1674 bominum
1178 1627 1387 1683 ultionem
1416 1627 1496 1672 Dei
1521 1626 1607 1688 esse
1631 1627 1706 1673 di-

325 1686 467 1740 xisses.
497 1695 581 1741 Sed
599 1696 776 1758 quando
801 1708 897 1743 ante
919 1716 1053 1759 annos
1067 1698 1280 1761 plurimos
1303 1696 1463 1742 taleibi
1492 1697 1706 1760 quiddam

324 1764 381 1821 de
400 1765 525 1810 beato
542 1767 727 1811 Damaso
747 1767 990 1823 effirsicino
1013 1768 1219 1828 contigit,
1239 1766 1438 1812 nondum
1451 1766 1706 1826 Pelagianos

325 1834 518 1880 Ecclesia
538 1836 736 1881 Romana
761 1836 1059 1884 damnaverat.

378 1905 598 1961 XXXIX.
630 1906 773 1963 Dicis,
801 1908 905 1954 «Me
934 1924 1110 1971 quoque
1134 1907 1281 1971 ipsum
1310 1907 1536 1971 innovasse
1562 1923 1708 1968 sensus

322 1991 443 2021 meos
462 2012 472 2030 ,
495 1986 537 2020 et
555 1975 680 2022 initio
697 1977 992 2023 conversionis
1014 1995 1122 2023 meae
1146 1977 1234 2024 hoc
1256 1977 1429 2023 sensisse
1453 1975 1572 2040 quod
1590 1986 1654 2022 tu.
1685 1997 1706 2017 ›>

321 2044 412 2091 Sed
438 2044 551 2091 fallis
567 2083 577 2100 ,
606 2056 682 2094 aut
713 2046 874 2094 falleris
895 2085 905 2102 ,
928 2048 1016 2093 sive
1040 2047 1352 2094 calumniando
1373 2047 1442 2093 his
1464 2063 1564 2110 quae
1585 2062 1706 2092 nunc

319 2113 423 2161 dico
439 2153 449 2170 ,
477 2116 564 2162 sive
599 2133 687 2162 non
720 2116 1002 2177 intelligendo
1025 2155 1036 2173 ,
1073 2118 1141 2164 vel
1163 2118 1311 2181 potius
1335 2134 1426 2163 non
1447 2115 1628 2176 legendo
1657 2134 1707 2162 ea

320 2203 423 2249 quae
442 2196 548 2233 tunc
571 2187 673 2233 dixi.
702 2188 814 2233 Nam
839 2205 916 2248 ego
938 2206 1015 2252 per
1035 2206 1174 2235 unum
1191 2188 1415 2235 bominem
1432 2188 1476 2233 in
1487 2187 1705 2233 mundum

319 2256 498 2302 intrasse
522 2259 781 2321 peccatum2
802 2295 814 2314 ,
846 2269 889 2304 et
923 2276 1002 2322 per
1029 2269 1261 2323 peccatum
1287 2269 1496 2314 mortem,
1522 2267 1566 2302 et
1583 2258 1644 2302 ita
1659 2257 1706 2302 in

316 2342 469 2372 omnes
491 2327 690 2379 homines
715 2330 1014 2391 pertransisse,
1048 2331 1094 2388 in
1112 2346 1201 2393 quo
1218 2337 1514 2393 peccaverunt
1531 2344 1703 2380 omnes3

317 2398 377 2443 ab
401 2397 527 2443 initio
567 2399 862 2445 conversionis
890 2417 997 2445 meae
1023 2400 1085 2445 sic
1117 2400 1236 2459 tenui
1260 2415 1454 2462 semper,
1480 2407 1532 2443 ut
1564 2407 1698 2457 teneo.

315 2470 474 2514 Extant
489 2468 592 2514 libri
614 2486 724 2533 quos
753 2470 904 2516 adhuc
920 2470 1058 2517 laicus
1075 2469 1369 2521 recentissima
1396 2471 1493 2514 mea
1515 2485 1704 2516 conver—

307 2538 429 2585 sione
444 2539 708 2604 conscripsi,
736 2540 816 2586 etsi
839 2540 1037 2603 nondum
1060 2540 1175 2587 sicut
1197 2539 1346 2604 postea
1361 2537 1494 2586 sacris
1516 2537 1694 2585 Litteris

357 2622 368 2644 ¹
390 2620 463 2656 Lib.
479 2621 519 2654 de
535 2625 629 2656 Pecc.
651 2622 766 2671 origin.
784 2633 856 2668 cap.
872 2623 905 2663 6,
922 2635 938 2663 7
961 2628 995 2655 et
1012 2624 1070 2657 23.
1084 2640 1130 2653 —
1146 2620 1163 2650 2
1180 2625 1276 2655 Rom.
1291 2633 1321 2662 v,
1338 2632 1394 2656 12.
