1843 3190
296 224 392 283 304
716 236 752 268 s,
792 233 1036 268 AUGusrrm
1071 235 1276 269 131³1scol³1

293 308 519 354 honestate
538 302 715 369 quidem
732 302 885 349 mentis
902 302 1081 349 inferius
1095 341 1107 361 ,
1129 313 1274 350 tamen
1292 303 1463 350 bonum
1480 303 1670 352 hominis

295 395 382 425 esse
399 393 542 424 censes
561 373 755 438 corporis
778 373 1062 437 voluptatem.
1090 373 1176 420 Sed
1194 374 1290 437 quis
1307 392 1393 421 non
1413 375 1521 439 quid
1537 391 1666 438 pros-

296 450 458 514 pexeris
479 449 655 493 cernat?
677 446 741 491 Ne
757 444 920 490 scilicet
941 444 987 490 in
1007 444 1101 508 ipsa
1117 444 1170 491 de
1186 445 1413 509 voluptate
1429 446 1665 510 quaestione

296 519 412 565 unde
439 528 584 563 tecum
609 515 804 575 agimus,
844 514 1109 570 honestiores
1142 515 1401 579 philosophi
1434 527 1475 562 te
1505 516 1669 562 obrue-

296 599 416 646 rent,
451 604 560 651 quos
587 586 741 631 Cicero
771 595 954 649 propter
983 585 1126 649 ipsam
1160 586 1432 633 honestatem
1466 597 1676 650 tanquam

298 658 541 707 consulares
562 656 852 720 philosophos
866 673 895 701 n
907 656 1169 719 uncupavit3
1187 667 1228 702 et
1241 657 1323 721 ipsi
1346 657 1482 703 Sto‘ici
1496 657 1678 703 maxime

297 727 583 777 inimicissimi
601 725 840 789 voluptatis
857 763 868 783 ,
895 742 1086 789 quorum
1110 727 1405 774 testimonium
1428 745 1475 774 ex
1494 744 1677 791 persona

297 799 425 845 Balbi
450 797 570 861 apud
599 797 853 842 Ciceronem
878 795 1141 858 disputantis
1161 832 1172 852 ,
1199 813 1350 842 verum
1378 796 1580 860 quidem,
1604 796 1677 842 sed

298 868 417 935 quod
451 869 534 915 tibi
555 883 734 931 prorsus
764 866 876 911 nihil
905 866 1154 929 prodesset,
1189 867 1558 931 interponendum
1588 884 1678 930 pu-

299 940 412 988 tasti.
439 938 571 996 Quod
599 948 740 983 autem
766 936 939 983 nullum
962 936 1154 983 hominis
1174 938 1342 984 bonum
1361 948 1561 984 censeant
1577 955 1678 983 cor-

297 1010 418 1076 poris
436 1009 707 1072 voluptatem
743 1006 923 1070 cupiens
953 1007 1248 1065 abscondere,
1288 1008 1408 1054 nulla
1442 1008 1495 1054 de
1532 1025 1679 1072 quaes-

298 1082 415 1128 tione
438 1079 591 1126 morali
617 1077 795 1124 nomina
829 1088 872 1122 et
902 1077 1106 1138 dogmata
1139 1078 1534 1142 philosophorum,
1561 1077 1681 1141 quod

297 1152 481 1198 maxime
519 1149 574 1196 ad
605 1166 695 1194 rem
729 1147 1001 1211 pertinebat,
1043 1148 1077 1193 si
1112 1148 1279 1211 aliquid
1312 1149 1365 1194 de
1400 1148 1680 1212 philosophis

297 1220 581 1286 probandum
610 1219 722 1274 fuit,
760 1235 1099 1264 commemorare
1134 1219 1325 1266 voluisti.
1364 1220 1462 1265 Non
1492 1219 1607 1264 enim
1640 1229 1680 1264 te

300 1291 502 1338 adversus
523 1290 626 1335 istos
648 1287 919 1343 defenderet,
945 1305 1030 1333 non
1052 1287 1152 1333 dico
1171 1289 1389 1351 Epicurus
1407 1327 1417 1345 ,
1441 1289 1517 1352 qui
1537 1298 1680 1334 totum

297 1361 468 1407 bonum
498 1359 688 1406 hominis
711 1358 755 1403 in
780 1358 1006 1420 voluptate
1033 1359 1232 1421 corporis
1255 1359 1405 1421 posuit
1422 1396 1433 1415 ,
1463 1359 1565 1422 quia
1593 1375 1681 1403 non

300 1431 423 1494 quod
452 1430 525 1476 ille
557 1440 606 1474 tu
642 1428 798 1481 sentis;
836 1427 910 1472 sed
947 1428 1249 1474 Dinomachus
1286 1446 1296 1473 ι
1337 1428 1472 1488 hujus
1516 1428 1681 1491 quippe

300 1501 458 1562 dogma
480 1499 563 1546 tibi
585 1498 768 1562 placuit.
798 1498 909 1542 Nam
931 1497 1053 1561 ipse1
1087 1498 1439 1559 conjungendam
1470 1498 1680 1562 volupta-

300 1583 387 1618 tem
413 1571 646 1617 arbitratus
670 1579 733 1614 est
754 1568 972 1614 honestati
992 1606 1004 1625 ,
1041 1579 1091 1615 ut
1114 1569 1490 1633 quemadmodum
1520 1568 1682 1614 1101105-

301 1653 396 1699 tas,
438 1642 497 1687 ita
532 1639 737 1703 voluptas
779 1655 858 1701 per
895 1655 937 1683 se
976 1639 1117 1701 ipsam
1158 1639 1403 1702 appetenda
1439 1637 1674 1685 videretur.

302 1714 428 1759 Hanc
451 1729 551 1772 ergo
574 1721 743 1775 partem
771 1709 849 1754 ubi
877 1709 930 1755 de
949 1710 1147 1755 moribus
1173 1710 1424 1773 disputatur
1442 1747 1453 1765 ,
1480 1725 1582 1754 cum
1600 1709 1682 1754 tibi

301 1783 512 1829 infensam
538 1797 729 1828 cerneres
746 1817 757 1836 ,
782 1779 989 1839 attingere
1012 1781 1210 1827 timuisti.
1244 1782 1355 1825 Nam
1390 1780 1467 1825 ubi
1500 1780 1683 1825 maxime

303 1853 597 1899 controversia
631 1852 711 1896 ista
740 1860 965 1906 versatur,
1005 1850 1158 1913 quanti
1195 1861 1237 1896 et
1269 1850 1444 1914 quales,
1478 1860 1520 1895 et
1559 1854 1683 1910 cujus

305 1923 422 1988 apud
437 1934 580 1984 gentes
599 1921 749 1982 gloriae
773 1919 1033 1983 philosophi
1059 1921 1140 1966 tibi
1162 1920 1455 1984 praeferantur
1474 1957 1486 1977 ,
1526 1920 1645 1966 vides
1670 1937 1680 1964 :

302 1994 571 2057 maximeque
589 1993 683 2055 ipse
707 1991 831 2037 Plato
849 2028 859 2046 ,
883 2007 1013 2053 quem
1035 1991 1188 2036 Cicero
1203 1992 1220 2019 2
1248 1990 1468 2055 appellare
1486 2007 1574 2036 non
1596 1990 1683 2036 du-

303 2064 417 2110 bitat
439 2081 550 2129 pene
581 2061 953 2126 philosophorum
981 2061 1109 2106 deum
1129 2099 1140 2117 ,
1180 2065 1305 2121 cujus
1334 2078 1413 2107 nec
1449 2071 1497 2106 tu
1525 2077 1683 2106 nomen

303 2134 527 2197 praeterire
544 2132 725 2196 potuisti
744 2169 754 2184 ,
783 2147 884 2177 cum
906 2130 959 2176 de
977 2131 1252 2176 naturalibus
1270 2169 1279 2186 ,
1313 2148 1402 2176 11011
1431 2130 1484 2176 (10
1502 2130 1684 2176 morali—

305 2204 388 2250 bus
405 2203 776 2267 philosophorum
800 2201 927 2246 nobis
956 2201 1161 2261 dogmata
1190 2202 1366 2247 inferres
1390 2203 1478 2248 sive
1500 2201 1683 2265 praefer-

306 2291 372 2319 res
386 2311 397 2329 ,
418 2275 495 2337 qui
514 2274 709 2336 corporis
725 2272 969 2335 voluptates
991 2290 1085 2319 vere
1104 2283 1145 2317 et
1165 2273 1351 2332 graviter
1368 2273 1519 2318 dixisse
1535 2272 1684 2334 perhi-

304 2344 437 2390 betur
459 2344 682 2390 illecebras
709 2354 838 2407 atque
856 2361 972 2389 escas
990 2343 1222 2389 malorum.

370 2414 592 2460 LXXVII.
640 2412 870 2476 Numquid
908 2424 1049 2459 autem
1079 2413 1186 2476 quid
1221 2412 1273 2458 de
1306 2412 1495 2458 hominis
1526 2412 1683 2458 condi-

354 2516 365 2538 ¹
381 2514 465 2547 vide
486 2514 588 2547 Cicer.
603 2513 659 2545 lib.
679 2514 709 2544 5.
730 2512 769 2544 de
793 2513 925 2545 Finibus
941 2519 972 2545 et
988 2513 1044 2546 lib.
1068 2514 1085 2544 5
1104 2513 1296 2547 Τ1150111,--
1322 2510 1337 2534 ²
1357 2512 1427 2546 Lib.
1450 2523 1482 2546 2.
1510 2512 1549 2544 de
1563 2514 1682 2546 Natura

309 2573 439 2606 deorum
451 2596 464 2617 .‚
481 2576 513 2603 et
526 2570 582 2603 lib.
598 2576 629 2608 4.
644 2569 683 2601 ad
696 2569 791 2601 Attio.
809 2569 900 2613 epist.
919 2570 971 2601 16.
