1843 3190
343 259 437 317 418
754 279 788 308 s,
832 275 1076 309 Aucusrnss
1110 278 1313 309 Emseom

339 343 463 400 meis,
483 363 503 384 (ι
526 342 708 388 Dimitte
729 343 855 390 nobis
877 342 1025 389 debita
1044 355 1188 390 nostra
1207 344 1241 391 4.
1267 366 1287 386 >2
1322 361 1407 407 qua
1426 342 1647 390 liberabor
1668 352 1717 389 ut

339 431 484 478 spero,
524 413 569 459 in
593 424 822 469 aeternum,
854 414 1035 476 ubijam
1071 415 1189 460 nulla
1213 415 1277 460 lex
1298 415 1343 463 in
1378 414 1587 460 membris
1614 414 1718 460 meis

338 497 551 549 repugnet
569 486 651 546 legi
674 486 825 533 mentis
846 486 997 531 meae‘2.
1027 488 1124 532 Non
1153 486 1284 546 igitur
1302 504 1378 547 ego
1402 487 1575 532 inanem
1605 484 1717 531 facio

340 556 419 604 Dei
437 557 619 616 gratiam
654 556 755 601 :sed
775 567 819 602 tu
835 559 925 616 ejus
949 557 1150 602 inimicus
1177 557 1350 603 inanem
1386 557 1586 620 quaesisse
1600 555 1718 600 vide-

336 626 395 672 ris
421 626 696 686 jactantiam,
735 638 782 672 ut
807 631 852 672 in
891 638 1013 672 tuam
1053 626 1389 690 disputationem
1424 625 1718 671 introduceres

338 692 581 761 Epicurum
599 697 621 728 >3
641 716 652 743 ε
675 719 695 739 (‹
716 698 805 755 Qui
824 698 996 758 negavit
1014 716 1099 744 esse
1118 715 1278 761 corpus
1297 697 1496 753 deorum,
1524 696 1597 742 sed
1615 707 1717 741 tan-

335 781 469 831 quam
488 785 647 831 corpus
663 788 674 821 ;
690 786 768 814 nec
783 769 1055 827 sanguinem,
1079 769 1151 814 sed
1172 779 1380 830 tanquam
1401 767 1650 827 sanguinem
1670 786 1716 818 ς»

336 848 379 885 et
402 833 487 886 hae
516 839 740 884 occasione
764 837 817 883 de
842 838 1215 902 philosophorum
1245 838 1398 882 litteris
1424 837 1478 882 ad
1502 855 1591 882 rem
1617 854 1718 902 quae

336 907 449 956 inter
464 924 542 956 nos
566 909 706 967 agitur
726 925 813 952 nou
840 908 1177 971 pertinentibus,
1200 918 1320 952 tanto
1344 908 1533 969 ineptius
1551 917 1717 971 quanto

334 977 455 1026 velut
471 976 642 1026 doctius
658 976 873 1023 delirares,
898 977 1007 1033 Quis
1029 988 1174 1023 autem
1191 988 1384 1022 nostrum
1403 976 1538 1023 dicit:
1561 976 1717 1035 «Quid

334 1045 443 1111 quid
461 1047 504 1094 111
525 1047 730 1111 praesenti
760 1046 920 1096 saeculo
943 1048 1103 1107 agitur,
1129 1064 1214 1093 esse
1243 1047 1542 1111 culpandum3
1571 1068 1589 1087 »
1615 1064 1716 1099 cum

333 1117 408 1165 hic
425 1118 516 1181 ipse
538 1119 739 1164 Christus
761 1129 877 1164 tanta
897 1119 1032 1178 egerit
1056 1118 1190 1171 bona,
1218 1117 1290 1163 sed
1316 1129 1364 1164 ut
1387 1135 1464 1163 nos
1481 1129 1646 1163 erueret
1663 1117 1717 1163 de

333 1187 535 1250 praesenti
557 1187 718 1233 saeculo
738 1187 884 1233 malo?
1572 1233 1574 1235 .

398 1252 530 1306 XLV.
558 1258 702 1314 Quam
738 1275 869 1321 porro
892 1257 1120 1317 diligenter
1145 1268 1186 1303 et
1209 1268 1496 1318 congruenter
1530 1274 1718 1320 exponas

334 1326 623 1391 apostolicum
658 1327 950 1377 testimonium
973 1365 984 1383 ‚
1022 1327 1097 1373 ubi
1125 1328 1183 1374 ait
1204 1346 1215 1372 ε
1241 1350 1260 1369 <‹
1281 1329 1367 1392 Spe
1388 1327 1493 1373 salvi
1513 1326 1619 1373 facti
1639 1344 1716 1373 su-

332 1415 429 1447 mus
451 1396 488 1454 4,
508 1420 526 1439 υ
546 1409 587 1443 et
603 1409 761 1443 caetera
784 1415 917 1462 usque
939 1397 991 1443 ad
1014 1398 1379 1461 Redemptionem
1397 1399 1592 1462 corporis
1619 1415 1717 1444 nos-

336 1468 409 1523 tri,
436 1489 454 1509 ›>
473 1485 616 1531 operae
639 1468 829 1531 pretium
859 1478 920 1513 est
945 1468 1118 1514 intueri.
1151 1468 1271 1513 Dicis
1301 1468 1416 1513 enim
1447 1464 1568 1531 quod
1592 1490 1610 1509 α
1636 1467 1717 1514 Illa

332 1538 587 1585 resurrectio
611 1555 699 1584 non
721 1548 901 1601 peccata
932 1537 1126 1582 dimittat
1149 1536 1394 1601 aliquorum
1415 1575 1425 1593 ‚
1460 1538 1532 1583 sed
1555 1554 1718 1601 expur-

334 1619 403 1668 get
419 1609 570 1655 merita
593 1608 879 1668 singulorum.
914 1607 1076 1653 Reddit
1111 1608 1224 1654 enim
1250 1609 1512 1672 unicuique,
1551 1609 1713 1672 inqui52

333 1675 575 1725 secundum
610 1695 741 1743 opera
777 1696 889 1724 sua»
914 1696 993 1724 nec
1020 1690 1162 1727 tamen
1194 1678 1303 1724 dicis
1321 1716 1331 1733 ‚
1359 1678 1595 1724 secundum
1618 1696 1717 1742 quae

335 1764 467 1812 opera
483 1765 557 1794 sua
572 1766 749 1808 regnum
768 1749 847 1793 Dei
872 1748 1064 1811 parvulis
1082 1748 1251 1795 reddat.
1277 1750 1516 1811 Etpeccata
1530 1749 1716 1813 quidem

333 1815 453 1863 nulla
472 1817 751 1865 remittuntur
779 1818 824 1863 in
851 1835 982 1877 regno
1007 1835 1017 1862 ε
1043 1817 1115 1863 sed
1134 1817 1165 1862 si
1191 1815 1311 1863 nulla
1331 1819 1652 1863 remitterentur
1670 1818 1716 1864 in

330 1882 499 1947 judicio
530 1886 603 1933 illo
620 1887 852 1934 novissimo
871 1924 881 1943 ,
912 1898 1020 1951 puto
1047 1887 1165 1950 quod
1185 1888 1395 1933 Dominus
1422 1906 1509 1933 non
1546 1888 1716 1933 dixisset

338 1955 393 2002 de
410 1956 600 2020 quodam
623 1968 805 2020 peccato
824 1995 834 2013 ,
866 1979 885 1998 ε(
912 1958 1010 2002 [Non
1040 1958 1283 2004 remittetur
1301 1975 1438 2021 neque
1458 1958 1503 2003 in
1527 1958 1613 2003 hoc
1630 1974 1715 2003 sae-

334 2049 354 2069 »
378 2026 498 2081 culo,
518 2045 655 2092 neque
670 2028 715 2073 in
734 2028 881 2074 futuro
897 2027 914 2056 5
930 2049 942 2082 ;
959 2050 979 2069 ›>
1003 2028 1180 2090 quando
1206 2029 1289 2073 sibi
1319 2029 1480 2073 remitti
1511 2028 1716 2091 sperabat

332 2093 443 2142 latro
464 2096 553 2152 ille,
590 2098 666 2160 qui
691 2098 867 2146 dicebat
889 2134 899 2151 ‚
938 2118 957 2138 «
995 2101 1214 2143 Memento
1237 2097 1320 2143 mei
1352 2115 1451 2144 cum
1473 2097 1638 2144 veneris
1668 2097 1715 2142 in

336 2188 357 2207 »
383 2183 563 2227 regnum
592 2178 715 2214 tuum
740 2168 772 2215 0,
805 2169 908 2212 »De
934 2184 1019 2230 qua
1043 2185 1101 2212 re.
1120 2168 1325 2231 quoniam
1366 2167 1713 2232 profundissima

333 2237 516 2301 quaestio
540 2247 618 2292 est,
640 2255 729 2283 11011
754 2248 814 2282 est
854 2237 984 2282 modo
1011 2237 1331 2300 praecipitanda
1364 2237 1587 2283 sententia.
1621 2238 1713 2281 Cur

278 2357 284 2360 ⁷
335 2316 476 2352 autem
496 2306 542 2350 in
562 2324 692 2366 regno
715 2306 833 2352 nulla
854 2318 1034 2370 peccata
1057 2307 1237 2352 remittit
1261 2309 1371 2353 Deus
1386 2307 1483 2351 filiis
1507 2307 1610 2362 suis,
1633 2305 1713 2351 nisi

332 2376 436 2438 quia
462 2393 549 2420 11011
573 2376 738 2422 invenit
761 2377 881 2439 quod
905 2378 1129 2422 remittat?
1156 2377 1253 2421 Non
1273 2378 1386 2421 enim
1420 2386 1626 2440 poterunt
1650 2375 1714 2420 ibi

334 2461 421 2492 esse
443 2456 624 2509 peccata
650 2447 725 2492 ubi
757 2447 949 2509 spiritus,
975 2465 1061 2492 11011
1087 2447 1186 2492 dico
1208 2464 1294 2492 non
1313 2446 1526 2491 consentit
1548 2462 1711 2492 concu-

384 2541 530 2587 (Manli.
547 2554 594 2581 vr,
617 2554 714 2575 ια.»-
732 2542 748 2564 2
762 2547 856 2577 Rom.
877 2556 936 2585 vu,
960 2546 1062 2576 23.-
1078 2543 1092 2567 3
1110 2545 1220 2577 Cicero
1240 2545 1298 2579 lib.
1321 2547 1350 2576 3.
1369 2545 1408 2576 de
1426 2547 1549 2577 Natura
1566 2545 1710 2583 deorum,

334 2613 377 2620 -
395 2594 408 2618 ⁴
426 2599 522 2631 Rom.
538 2607 610 2633 vm,
629 2604 682 2634 24.
704 2615 747 2620 -
763 2596 776 2619 ⁵
792 2598 908 2630 Matth.
925 2609 986 2638 xii,
1004 2601 1057 2631 32.
1073 2618 1119 2624 -
1135 2598 1150 2621 ⁶
1173 2603 1245 2633 Luc.
1266 2611 1367 2641 xxm,
1391 2606 1447 2636 42.
