1843 3190
332 317 425 373 462
747 326 782 355 s,
824 322 1069 354 AUGUSTINI
1103 323 1307 354 EPISCOP1

389 403 541 436 eorum
573 393 818 434 voluntates
847 399 1116 444 quocumque
1143 389 1351 442 volucrit,
1382 389 1475 431 sive
1504 388 1564 430 ad
1599 385 1712 431 bo'nd

389 478 470 519 pro
485 476 561 502 sua
576 457 882 501 misericordia
896 489 906 508 ,
923 457 1014 496 sive
1033 456 1093 496 ad
1114 457 1232 497 mala
1247 471 1328 512 pro
1351 458 1524 498 meritis
1539 467 1707 504 eorum,

379 530 556 586 judicio
587 528 735 581 utique
762 540 838 567 sao
873 524 1118 578 aliquando
1150 534 1323 580 aperto,
1358 524 1600 579 aliquando
1634 538 1708 565 oc—

393 598 530 649 culto,
559 609 726 646 semper
751 604 900 634 tamen
923 592 1062 646 justo.
1094 590 1295 632 Tandem
1321 593 1528 648 gratttt‘loe
1558 593 1714 649 gralioe

390 679 468 705 nec
485 663 656 705 meritis
672 660 857 702 reddltae
878 659 1147 700 luculentum
1164 660 1416 715 exemplum
1428 670 1650 716 suppetere
1663 659 1715 698 in

391 732 447 772 iis
468 730 670 787 parvulis
696 728 773 782 qui
797 727 1050 774 salvantur,
1077 726 1186 767 dum
1208 726 1290 767 αίίί
1323 742 1460 768 unam
1483 742 1583 768 eum
1607 726 1712 781 ipsis

393 807 572 839 causam
593 793 793 836 habentes
812 793 1043 850 pereunt¹.

397 940 432 986 Ι.
475 940 685 984 PROPTER
722 952 792 980 eos
821 934 899 998 qui
937 933 1135 979 hominis
1169 933 1358 979 liberum
1389 934 1620 980 arbitrium
1654 935 1714 980 sic

331 1008 579 1074 praedicant
608 1017 651 1052 et
674 1005 961 1060 defendunt²‚
987 1014 1036 1050 ut
1064 1003 1143 1049 Dei
1171 1006 1354 1063 gratiam
1388 1021 1476 1068 qua
1505 1016 1716 1052 vocamur

333 1080 389 1126 ad
408 1097 507 1125 eum
527 1089 568 1124 et
587 1095 612 1122 a
635 1076 792 1122 nostris
816 1074 938 1122 malis
962 1074 1124 1119 meritis
1150 1073 1404 1131 liberamur,
1425 1086 1467 1120 et
1485 1093 1564 1139 per
1581 1092 1715 1139 quam

332 1152 450 1198 bona
476 1149 628 1196 merita
651 1162 956 1211 comparamus
982 1146 1144 1210 quibus
1169 1141 1224 1192 ad
1249 1148 1384 1192 vitam
1411 1146 1716 1210 perveniamus

334 1232 540 1267 aeternam
553 1257 565 1276 ,
585 1235 738 1278 negare
758 1217 946 1263 audeant
962 1227 1002 1262 et
1026 1230 1240 1262 conentur
1261 1216 1428 1262 auferre
1443 1253 1455 1268 ,
1471 1216 1608 1262 multa
1620 1219 1716 1275 jam

333 1292 637 1345 disseruimus,
676 1288 917 1350 litterisque
956 1286 1292 1340 mandavimus,
1335 1297 1552 1349 quantum
1587 1286 1716 1331 nobis

333 1361 547 1407 Dominus
560 1359 722 1405 donare
737 1357 939 1417 dignatus
958 1368 1032 1403 est.
1060 1356 1145 1403 Sed
1160 1359 1369 1418 quoniam
1384 1366 1484 1401 sunt
1504 1355 1684 1419 quidam
1699 1392 1711 1412 ‚

332 1432 410 1496 qui
436 1432 495 1477 sic
519 1429 700 1491 gratiam
724 1428 805 1474 Dei
828 1427 1070 1473 defendunt
1085 1465 1097 1484 ,
1134 1437 1181 1472 ut
1208 1436 1364 1486 negent
1385 1426 1578 1472 bominis
1600 1426 1715 1471 libe-

333 1519 432 1547 rum
470 1500 728 1552 arbitrium;
764 1509 839 1544 aut
875 1497 1052 1561 quando
1091 1497 1229 1557 gratia
1262 1496 1528 1551 defenditur,
1568 1495 1717 1555 negari

333 1572 574 1618 existiment
600 1569 791 1614 liberum
814 1568 1044 1613 arbitrium
1073 1585 1083 1612 z
1114 1567 1220 1612 hinc
1254 1565 1420 1629 aliquid
1446 1565 1634 1611 scribere
1660 1564 1716 1610 ad

334 1654 518 1688 vestram
540 1640 797 1685 charitatem
814 1676 824 1694 ‚
849 1639 1075 1684 Valentine
1098 1638 1248 1692 frater,
1267 1647 1309 1682 et
1327 1637 1472 1682 caeteri
1491 1637 1569 1700 qui
1587 1634 1717 1681 simul

335 1716 428 1760 Deo
448 1711 635 1766 servitis,
657 1709 949 1771 compellente
969 1719 1122 1753 mutua
1152 1707 1365 1752 charitate
1391 1706 1556 1756 curavi.
1586 1707 1716 1752 Nun-

335 1785 493 1829 tiatum
510 1791 573 1826 est
591 1780 706 1825 enim
730 1778 841 1823 mihi
860 1778 913 1824 de
934 1778 1060 1824 vobis
1075 1814 1086 1833 ‚
1110 1777 1285 1832 fratres,
1313 1777 1369 1821 ab
1394 1776 1614 1838 aliquibus
1639 1775 1717 1838 qui

335 1855 381 1899 in
398 1862 540 1899 vestra
557 1849 889 1909 congregatione
906 1858 1005 1893 sunt
1019 1884 1029 1902 ,
1048 1858 1090 1892 et
1104 1846 1159 1892 ad
1173 1864 1250 1891 nos
1268 1846 1369 1891 inde
1388 1855 1621 1901 venerunt,
1637 1862 1717 1908 per

336 1938 445 1988 quos
468 1933 509 1968 et
534 1922 614 1967 ista
645 1919 901 1974 direximus,
933 1917 1054 1981 quod
1078 1917 1132 1963 de
1167 1917 1254 1963 hac
1284 1933 1329 1961 re
1355 1916 1635 1961 dissensiones
1667 1915 1712 1960 in

336 1994 461 2041 vobis
483 1996 584 2038 sint.
618 1992 770 2053 Itaque
786 2026 796 2044 ‚
822 1987 1119 2043 dilectissimi,
1155 2003 1209 2031 ne
1231 2003 1306 2031 vos
1329 1986 1559 2048 perturbet
1582 1985 1716 2043 hujus

337 2062 589 2127 quaestionis
611 2059 853 2106 obscuritas
869 2095 879 2114 ‚
900 2075 1055 2103 moneo
1072 2073 1148 2102 vos
1167 2056 1358 2119 primum
1378 2092 1389 2111 ‚
1413 2066 1463 2100 ut
1481 2054 1534 2099 de
1551 2055 1602 2100 iis
1617 2070 1716 2117 quae

336 2133 574 2193 intelligitis
591 2168 601 2187 ‚
630 2130 764 2190 agatis
789 2129 880 2172 Deo
905 2130 1063 2187 gratias
1088 2144 1099 2170 :
1132 2124 1351 2188 quidquid
1377 2134 1440 2169 est
1459 2135 1602 2169 autem
1628 2139 1716 2186 quo

337 2204 562 2268 pervenire
588 2200 784 2247 nondum
809 2209 951 2262 potest
972 2208 1127 2243 vestrae
1150 2196 1304 2240 mentis
1327 2194 1509 2239 intentio
1524 2230 1535 2249 ,
1563 2209 1717 2256 pacem

338 2276 449 2320 inter
478 2290 553 2319 vos
576 2282 616 2318 et
642 2271 899 2316 charitatem
932 2277 1148 2314 servantes
1166 2303 1176 2321 ‚
1205 2283 1226 2310 a
1258 2265 1450 2311 Domino
1478 2274 1527 2308 ut
1553 2263 1714 2308 intelli-

340 2346 446 2405 gatis
469 2353 609 2394 orate3
644 2352 684 2386 et
713 2340 851 2385 donec
875 2356 950 2385 vos
974 2339 1066 2401 ipse
1090 2335 1311 2400 perducat
1330 2335 1384 2379 ad
1413 2351 1459 2379 ca
1484 2350 1583 2396 quae
1602 2350 1717 2378 non-

340 2415 445 2461 dum
487 2411 724 2470 intelligitis
748 2447 758 2465 ,
794 2409 858 2455 ibi
907 2408 1128 2453 ambulate
1163 2420 1250 2467 quo
1283 2403 1509 2467 pervenire
1545 2404 1717 2466 potuis-

343 2486 406 2533 tis.
445 2484 542 2531 Hoc
576 2480 780 2527 admonet
815 2477 1033 2542 apostolus
1066 2474 1229 2521 Paulus
1256 2511 1268 2530 ‚
1307 2473 1384 2536 qui
1416 2489 1517 2518 cum
1549 2472 1719 2518 dixisset

388 2587 399 2610 ¹
423 2585 507 2617 Vide
521 2586 661 2616 Retract.
681 2580 736 2613 lib.
754 2590 793 2620 ιι,
808 2589 876 2623 cap.
892 2578 952 2613 66.
965 2594 1011 2600 -
1023 2575 1039 2600 2
1051 2576 1136 2609 ride
1150 2578 1189 2610 D.
1213 2573 1357 2613 Guillou,
1375 2579 1454 2605 tom.
1479 2581 1563 2613 λιν,
1577 2583 1611 2617 p.
1632 2571 1718 2618 1⁵⁵?

348 2643 424 2684 169.
