1843 3190
1230 191 1247 213 δ

330 260 424 315 364
752 275 789 304 s.
831 271 1078 303 AUGUSTIM
1113 271 1320 303 Erlscom

331 339 512 386 mortale
536 356 693 404 corpus
718 343 809 400 eJus
824 339 1019 385 invenit:
1045 339 1297 399 contagium
1314 357 1416 386 vero
1434 341 1604 404 peccati
1624 341 1712 388 ori-

333 409 484 470 ginalis
508 427 597 455 non
620 410 765 465 traxit,
805 409 909 473 quia
947 409 1278 455 concumbentis
1311 411 1711 474 concupiscentiam

334 498 425 525 non
444 480 624 527 invenit.
652 480 698 525 Si
717 490 860 526 autem
888 497 967 525 nec
999 480 1324 537 mortalitatem,
1348 480 1422 526 sed
1449 481 1581 527 solam
1602 483 1712 528 sub-

333 550 534 595 stantiam
557 551 698 595 carnis
717 550 770 595 de
793 561 929 595 matre
949 550 1200 613 sumpsisset
1216 587 1228 607 ,
1251 567 1341 595 non
1357 550 1493 596 solum
1510 567 1612 597 caro
1621 555 1713 611 ejus

332 621 520 684 peccati,
547 620 620 666 sed
638 638 717 666 nec
740 620 979 666 similitudo
1017 621 1157 666 carnis
1181 620 1353 684 peccati
1369 638 1456 666 esse
1479 622 1706 684 potuisset.

399 691 490 737 LV.
515 691 638 736 «Sed
662 707 888 753 comparas
906 708 973 736 me
995 701 1038 735 et
1055 707 1257 754 coaequas
1278 690 1543 754 Apollinaris
1559 691 1711 748 errori,

337 761 412 823 qui
440 761 579 806 carnis
601 778 768 806 sensum
787 761 916 806 fuisse
945 761 1117 820 negavit
1141 762 1187 806 in
1211 761 1388 806 Christo
1408 797 1419 816 ,
1445 761 1716 824 utimperitis

337 830 518 875 nebulas
537 830 840 894 undecumque
855 847 1145 887 commoveas,
1162 847 1214 876 ne
1226 830 1370 876 lucem
1379 830 1569 877 veritatis
1580 842 1716 877 atten-

337 900 457 947 dant.
485 901 617 947 Aliud
641 912 708 947 est
728 919 874 947 sensus
885 902 1044 959 carnis,
1063 902 1152 948 sine
1166 918 1255 965 quo
1275 901 1420 947 nullus
1436 902 1536 959 fuit,
1549 913 1627 959 est,
1642 913 1718 948 aut

337 972 418 1016 erit
440 971 485 1017 in
505 989 689 1035 corpore
706 973 854 1018 vivens
877 973 1010 1018 homo
1028 990 1039 1017 :
1073 983 1115 1018 et
1138 971 1260 1018 aliud
1279 982 1340 1018 est
1363 972 1719 1037 concupiscentia

339 1058 426 1105 qua
442 1059 542 1088 caro
554 1043 830 1107 concupiscit
849 1042 1051 1088 adversus
1072 1043 1290 1106 spiritum,
1315 1043 1405 1088 sine
1421 1060 1506 1107 qua
1518 1042 1602 1089 fuit
1622 1053 1719 1088 ante

336 1124 569 1175 peccatum
592 1114 760 1177 primus
778 1114 914 1159 homo
929 1151 939 1170 ,
967 1114 1142 1177 qualem
1182 1115 1310 1160 nobis
1333 1114 1532 1160 exhibuit
1555 1114 1720 1160 huma-

337 1199 437 1228 nam
463 1194 663 1231 naturam
700 1185 903 1231 Christus
922 1185 1057 1230 homo
1086 1185 1220 1249 :quia
1249 1185 1362 1231 sicut
1401 1185 1474 1230 ille
1499 1202 1548 1230 ex
1584 1195 1715 1240 terra,

337 1253 399 1298 sic
417 1254 495 1299 iste
511 1254 601 1300 sine
620 1254 697 1300 tali
710 1255 1066 1318 concupiscentia
1086 1266 1326 1301 estcreatus
1343 1272 1389 1301 ex
1412 1254 1608 1302 foemina.
1634 1255 1721 1300 As-

337 1340 508 1370 sumens
522 1335 667 1370 tamen
685 1342 732 1371 ex
750 1325 823 1371 illa
841 1326 970 1371 etiam
989 1325 1264 1371 mortalitatis
1278 1326 1592 1380 infirmitatem,
1609 1340 1720 1388 qua-

335 1391 387 1438 lis
410 1411 499 1440 non
525 1406 615 1441 erat
632 1407 729 1441 ante
764 1407 997 1460 peccatum
1030 1397 1076 1441 in
1113 1413 1242 1441 carne
1271 1395 1460 1441 hominis
1489 1394 1638 1459 primi,
1666 1405 1715 1440 ut

337 1474 442 1509 esset
459 1465 556 1522 ista,
581 1466 700 1529 quod
725 1477 831 1512 tunc
848 1467 922 1512 illa
946 1484 1033 1512 non
1052 1465 1153 1522 fuit,
1190 1465 1428 1512 similitudo
1451 1466 1592 1512 carnis
1608 1482 1718 1529 pec-

339 1534 437 1580 cati.
471 1535 527 1580 Ut
560 1553 660 1596 ergo
700 1536 827 1582 nobis
859 1536 1055 1600 patiendi
1092 1537 1311 1601 praeberet
1334 1536 1598 1600 exemplum,
1630 1552 1719 1581 non

338 1604 498 1651 habuit
519 1606 591 1652 ille
606 1607 718 1653 mala
737 1625 831 1664 sua,
849 1607 923 1653 sed
947 1608 1128 1671 pertulit
1141 1607 1301 1662 aliena3
1327 1607 1374 1653 in
1392 1607 1618 1653 doloribus
1637 1623 1719 1670 pro

339 1676 483 1732 nobis,
509 1695 596 1723 non
619 1678 665 1723 in
685 1678 1003 1742 cupiditatibus
1026 1679 1124 1725 fuit.

404 1747 518 1794 LVI.
551 1748 835 1812 Quapropter
866 1760 991 1795 natos
1027 1766 1076 1794 ex
1099 1748 1259 1805 Adam,
1289 1748 1509 1794 transferri
1536 1750 1721 1793 >renatos

341 1827 514 1880 oportet
539 1819 596 1865 ad
623 1820 881 1873 Christum3
916 1837 969 1865 ne
1004 1838 1027 1866 a
1064 1837 1195 1879 regno
1219 1819 1297 1865 Dei
1319 1829 1498 1883 pereant
1514 1818 1722 1878 imagines

338 1887 439 1943 Dei,
461 1888 582 1950 quod
617 1889 706 1935 sine
725 1890 837 1936 malo
859 1890 951 1935 fieri
975 1890 1051 1953 qui
1085 1890 1210 1946 dicit,
1246 1906 1325 1935 nec
1355 1906 1545 1934 amorem
1563 1888 1717 1945 habet,

339 1975 419 2003 nec
444 1959 641 2005 timorem
660 1961 755 2007 Dei.
782 1960 896 2006 Cum
912 1961 1000 2006 hoc
1022 1972 1167 2006 autem
1190 1959 1304 2005 malo
1325 1976 1493 2005 necesse
1506 1969 1568 2004 est
1579 1959 1722 2004 homi-

341 2047 439 2076 nem
464 2029 517 2077 de
541 2030 748 2076 damnata
779 2031 944 2091 origine
980 2031 1186 2091 generari.
1219 2051 1239 2071 «
1261 2030 1549 2090 Regeneratos
1577 2040 1722 2075 autem

338 2102 452 2147 absit
467 2113 514 2147 ut
528 2102 794 2161 redigamus,
812 2102 925 2147 sicut
938 2101 1234 2157 calumniaris,
1253 2100 1335 2146 sub
1358 2100 1608 2146 necessitate
1631 2099 1721 2145 cri-

337 2173 529 2228 minum,
560 2174 650 2218 Deo
670 2172 882 2233 largiente
919 2172 1038 2218 dona
1067 2172 1301 2218 virtutum.
1323 2191 1344 2212 »
1370 2170 1582 2227 Quamvis
1623 2185 1723 2230 ergo

341 2242 470 2287 aliam
496 2243 633 2302 legem
656 2243 883 2289 videamus
918 2243 963 2288 in
986 2242 1194 2288 membris
1220 2241 1374 2287 nostris
1407 2250 1723 2304 repugnantem

338 2311 422 2371 legi
463 2313 618 2358 mentis
639 2324 816 2370 nostrae,
842 2330 931 2359 non
958 2312 1098 2359 solum
1137 2323 1280 2358 tamen
1313 2311 1607 2356 necessitatem
1631 2310 1722 2356 cri-

338 2383 466 2428 minis
490 2384 728 2429 nonhabet
746 2404 757 2437 3
777 2384 848 2429 sed
867 2384 1003 2429 habet
1030 2383 1177 2446 potius
1203 2382 1416 2426 honorem
1440 2379 1583 2426 laudis
1598 2383 1723 2439 cujus

335 2453 511 2517 spiritus
529 2453 711 2518 spiritali
731 2471 908 2500 munere
929 2454 1101 2514 adjutus
1122 2452 1326 2498 adversus
1338 2451 1479 2497 carnis
1493 2451 1723 2515 concupis-

339 2527 527 2571 centiam
551 2526 843 2590 concupiscit.
867 2525 952 2572 Sed
967 2541 1251 2591 quacumque
1268 2535 1309 2570 te
1322 2540 1481 2581 verses,
1504 2539 1718 2587 quacum-

335 2613 420 2660 que
443 2607 482 2643 te
494 2600 653 2657 jactes,
681 2614 974 2662 quaecumque
1011 2596 1317 2661 undecumque
1336 2594 1532 2656 colligas,
1576 2593 1718 2648 insse5‚
