1843 3190
287 279 463 311 CONTRA
496 278 721 310 JULIANUM
756 278 1062 318 PELAGIANUM,
1100 278 1187 310 LIB.
1230 280 1290 311 Vl.
1366 266 1459 329 419

93 345 316 408 piscentiae
343 345 483 391 carnis
506 383 517 402 ,
539 344 611 390 sed
639 360 718 389 nec
737 343 1010 407 concupiscit
1041 343 1241 389 adversus
1268 362 1459 404 carnem,

94 415 194 478 quia
215 432 292 461 nec
307 433 406 462 caro
426 416 627 461 adversus
645 431 742 460 eum
763 434 773 467 3
794 414 865 459 illa
882 414 1087 460 ineffabili
1106 414 1238 460 salute
1252 415 1460 478 perfecta,

96 502 195 548 quae
219 503 337 531 nunc
356 504 443 532 non
480 487 531 531 fit
550 485 595 530 in
618 485 855 547 baptismo,
885 485 962 529 ubi
987 484 1266 530 remittuntur
1289 484 1465 547 quidem

96 565 251 600 cuncta
265 567 460 618 peccata,
478 554 549 600 sed
562 564 754 600 remanet
765 553 1002 609 carnalium
1018 555 1469 617 concupiscentiarum

95 624 226 681 mala,
253 643 353 671 cum
374 625 534 689 quibus
554 635 652 687 post
674 624 963 687 baptismum,
988 625 1021 669 si
1040 635 1183 669 tamen
1207 625 1467 689 proficiunt,

96 706 319 740 exerceant
346 697 433 741 sive
454 694 675 754 conjugati
694 694 894 753 gloriosa,
920 694 1005 738 sive
1025 694 1296 742 continentes
1319 694 1474 753 glorioss

96 763 206 821 siora
233 758 471 812 certamina
492 783 503 810 ι
526 764 645 828 quod
668 774 709 809 et
731 764 822 827 ipse
851 764 1096 819 confiteri53
1123 764 1196 810 sed
1219 765 1362 810 nescio
1388 781 1475 830 qua

96 834 264 880 miseria
281 872 293 892 ‚
320 835 498 898 quando
527 852 610 898 pro
631 835 810 880 veritate
843 834 1031 898 loqueris
1046 872 1057 890 ,
1085 845 1190 880 tunc
1217 845 1257 880 te
1279 835 1370 899 ipse
1389 834 1476 881 non

98 904 235 952 audis.

162 974 318 1020 XLVI.
347 975 606 1020 Describens
627 974 793 1037 quippe
819 973 938 1020 illam
959 991 1171 1020 summam
1194 975 1478 1025 resurrecti&

97 1043 164 1088 nis
175 1042 443 1101 felicitatem,
467 1044 577 1089 dicis
594 1066 613 1085 «
630 1044 856 1089 Neminem
872 1047 961 1103 jam
980 1045 1268 1104 ibijustorum
1293 1045 1480 1095 lividum

96 1112 236 1159 facere
255 1131 415 1177 corpus
457 1131 584 1160 suum
610 1125 651 1159 et
670 1114 865 1159 servituti
891 1114 1128 1174 subjicere3
1157 1115 1370 1159 neminem
1388 1114 1479 1159 hu-

98 1183 270 1231 miliare
305 1184 494 1229 animam
525 1201 647 1229 suam
672 1184 812 1229 stratis
843 1183 963 1228 duris
987 1195 1028 1228 et
1053 1183 1231 1246 paedore
1254 1184 1480 1229 membro-

98 1269 211 1299 rum.
230 1274 250 1294 »
270 1254 502 1316 Responde
529 1270 629 1312 ergo
656 1253 821 1307 curhic
840 1253 917 1297 ista
935 1251 1089 1308 faciat,
1123 1253 1198 1315 qui
1217 1252 1337 1297 omni
1364 1252 1478 1303 malo

97 1323 144 1368 in
166 1323 428 1386 baptismate
450 1324 590 1369 caruit
614 1361 624 1376 ,
654 1341 732 1369 cur
759 1323 886 1369 audet
905 1323 1089 1369 lividum
1106 1321 1246 1368 facere
1262 1322 1479 1386 templum

101 1392 240 1438 Deis?
267 1394 421 1439 Nonne
446 1395 645 1439 membra
672 1397 761 1453 ejus
797 1394 991 1439 membra
1028 1403 1128 1438 sunt
1152 1393 1303 1456 utique
1329 1391 1482 1455 templi

100 1463 210 1509 Dei?
238 1464 327 1509 Cur
350 1481 450 1523 ergo
474 1482 562 1510 non
587 1465 710 1509 suavi
727 1464 882 1519 odore,
907 1464 979 1508 sed
1001 1463 1178 1527 paedore
1196 1463 1348 1529 templi
1369 1465 1477 1522 ejus,

78 1533 342 1578 rautinvitat
361 1534 654 1596 praesentiam‚
685 1545 758 1579 aut
785 1534 990 1596 impetrat
1016 1532 1374 1587 misericordiam,
1405 1529 1478 1578 aut

101 1602 370 1666 placatiram
388 1607 505 1662 ejus?
535 1603 685 1649 Nihil-
661 1621 740 1648 -ne
762 1603 864 1648 mali
888 1604 1094 1663 castigffat
1118 1602 1285 1658 domat,
1314 1602 1470 1658 vincit,

102 1673 314 1736 opprimit
326 1674 371 1718 in
392 1673 553 1737 templo
570 1674 665 1724 Dei,
684 1674 740 1719 eti
746 1691 812 1718 am
828 1674 961 1718 livore
978 1685 1019 1719 et
1036 1673 1235 1752 paedore
1224 1672 1359 1736 lpsius
1369 1682 1478 1718 tem-

102 1742 171 1806 pli
188 1743 304 1789 Dei³
332 1745 485 1789 [Nonne
514 1721 714 1801 attendis,
736 1761 879 1800 nonne
904 1743 1130 1806 perspicis,
1157 1759 1259 1805 qula
1286 1753 1373 1787 tam
1399 1759 1477 1788 ve-

102 1812 327 1858 hementer
344 1830 504 1876 corpus
521 1831 644 1860 suum
660 1830 937 1877 persequens,
952 1813 986 1858 si
999 1813 1108 1858 nihil
1123 1813 1186 1859 ibi
1202 1812 1476 1875 persequitur

103 1882 224 1945 quod
243 1882 444 1947 displicet
481 1886 568 1930 Deo
586 1922 597 1940 ‚
629 1884 789 1929 frustra
812 1884 1110 1946 persequendo
1146 1883 1359 1946 templum
1387 1884 1479 1939 eius

103 1951 208 1998 facit
240 1953 445 2013 injuriam
482 1972 683 2014 magnam
709 1954 826 2000 Deo?
856 1954 975 2009 Quid
1009 1953 1326 2013 tergiversaris,
1369 1951 1479 2015 quid

104 2024 322 2069 cunctaris
338 2025 526 2088 apertius
546 2025 772 2070 confiteri?
793 2024 909 2069 lllud
930 2022 1144 2087 profecto,
1160 2022 1268 2068 illud
1287 2021 1478 2085 estquod

104 2093 199 2150 iste,
227 2098 351 2153 cujus
369 2094 550 2140 livorem
572 2095 883 2158 paedoremque
901 2094 1133 2157 praedicas,
1159 2094 1202 2138 in
1237 2109 1313 2138 sua
1350 2108 1477 2137 carne

106 2165 399 2226 persequitur,
423 2165 540 2211 unde
559 2165 733 2211 dicebat
751 2166 983 2229 Apostolus
1000 2203 1011 2221 ,
1032 2186 1051 2205 «
1068 2165 1166 2209 Scio
1186 2164 1286 2226 quia
1299 2179 1386 2208 non
1399 2162 1480 2207 ha-

107 2253 129 2275 »
146 2233 258 2285 bitat
279 2234 325 2279 in
343 2252 437 2289 me,
465 2235 552 2280 hoc
579 2245 640 2280 est
656 2273 666 2291 ‚
692 2236 738 2280 in
760 2252 887 2281 carne
922 2252 1014 2280 mea
1034 2235 1199 2279 bonum
1224 2232 1258 2279 1.
1290 2254 1309 2273 >³
1334 2232 1480 2288 Quam

108 2320 257 2349 vocem
284 2304 496 2366 baptizati
535 2322 620 2350 esse
644 2322 722 2350 cur
749 2321 893 2364 negas,
922 2322 1022 2350 cum
1046 2321 1175 2367 opera
1211 2303 1328 2348 vocis
1349 2302 1482 2361 hujus

109 2373 153 2419 in
171 2373 306 2423 livore
325 2376 520 2438 corporis
545 2386 587 2420 et
609 2376 906 2422 membrorum
927 2375 1104 2438 paedore
1117 2375 1378 2433 cognoscas?
1399 2372 1481 2417 Ne-

110 2459 194 2507 que
217 2445 332 2490 enim
353 2445 452 2491 haec
475 2446 630 2501 sancti,
667 2446 735 2491 vel
768 2447 846 2491 Dei
881 2445 1057 2505 flagellis
1073 2483 1083 2501 ‚
1120 2444 1190 2490 vel
1216 2443 1272 2488 ab
1295 2441 1483 2487 inimicis

112 2514 298 2561 tolerant
324 2516 549 2579 patiendO,
575 2516 646 2563 sed
674 2516 760 2581 ipsi
792 2517 875 2562 sibi
893 2517 1094 2580 ingerunt
1123 2512 1401 2561 continendo,
1430 2512 1486 2560 Et

161 2597 174 2621 ¹
191 2599 288 2630 Rom.
303 2610 368 2642 vu,
392 2599 446 2633 18,

1278 2664 1355 2710 27.
