1843 3190
344 307 472 338 LiBEr.
509 308 564 338 DE
601 309 764 340 GRATIA
799 312 852 342 m*
885 313 1046 345 rimmo
1085 315 1311 349 AanRm.
1355 324 1358 326 ·
1418 305 1511 366 509

149 374 350 437 cipiunt;
383 373 502 437 quod
525 373 581 418 eis
599 374 651 419 ad
678 393 878 435 magnum
914 378 1146 441 impietatis
1166 392 1392 443 peccatum
1431 384 1510 429 im-

149 456 374 508 putaretur
393 482 403 497 ,
432 445 466 489 si
494 448 587 503 jam
627 445 763 491 libero
792 458 1011 494 uterentur
1048 450 1257 495 arbitrio:
1296 463 1337 496 et
1368 463 1510 499 tamen

148 515 286 560 haeret
327 515 455 559 etiam
496 515 542 558 in
578 514 893 563 reluctantibus
916 519 1048 576 gratia
1066 556 1076 574 ,
1104 521 1364 582 apertissime
1391 523 1511 568 nullo

147 585 267 630 bono
289 586 441 630 merito
464 584 734 647 praecedente
755 623 765 641 ‚
790 586 983 650 alioquin¹
1003 590 1137 647 gratia
1173 594 1264 649 jam
1289 608 1375 636 nou
1407 605 1511 639 esset

150 656 299 715 gratia.
329 657 384 700 Et
401 654 635 718 aliquando
655 656 754 701 filiis
772 657 1012 703 infidelium
1029 670 1260 721 praestatur
1288 661 1385 707 haec
1416 681 1510 722 gra-

150 727 224 780 tia,
258 743 357 772 cum
383 726 555 771 occulta
570 726 649 770 Dei
666 726 939 789 providentia
961 729 1005 772 in
1026 746 1175 774 manus
1201 731 1372 793 piorum
1393 752 1506 798 quo-

148 797 470 859 modocumque
489 796 746 858 perveniunt
765 818 776 851 ;
803 797 1035 860 aliquando
1060 810 1200 845 autem
1222 802 1299 847 filii
1317 804 1510 852 fidelium

148 885 236 913 non
255 885 347 913 eam
376 877 700 929 consequuntur
719 904 730 922 ‚
757 867 902 930 aliquo
939 868 1248 932 impedimento
1280 874 1478 921 existente
1496 915 1507 933 ‚

148 955 201 983 ne
225 937 359 1000 possit
395 936 743 999 periclitantibus
768 938 1004 985 subveniri.
1043 939 1170 985 Fiunt
1195 959 1293 988 vero
1326 944 1405 990 ista
1431 963 1511 1008 per

149 1007 366 1053 occultam
389 1006 469 1050 Dei
494 1006 832 1068 providentiam,
860 1012 984 1068 cujus
1007 1009 1304 1058 inscrutabilia
1322 1021 1510 1076 suntju-

149 1077 280 1132 dicia,
308 1087 348 1122 et
373 1076 692 1135 investigabiles
714 1078 796 1122 viae
817 1095 826 1122 :
850 1078 969 1140 quod
994 1090 1042 1124 ut
1065 1081 1294 1142 Apostolus
1315 1083 1475 1131 diceret
1495 1123 1506 1142 ,

147 1147 255 1211 quid
284 1147 533 1210 praedixerit
568 1147 809 1194 intuemini.
848 1149 1012 1207 Agebat
1034 1150 1147 1194 enim
1182 1151 1234 1197 de
1270 1153 1434 1200 Judaeis
1471 1167 1512 1201 et

151 1218 382 1274 Gentibus,
409 1234 509 1263 cum
529 1217 732 1262 scriberet
753 1217 807 1262 ad
827 1219 1046 1264 Romanos
1062 1255 1072 1273 ,
1098 1219 1142 1264 id
1165 1232 1240 1275 est,
1258 1223 1312 1267 ad
1333 1224 1506 1281 Gentes,

148 1298 191 1332 et
213 1289 274 1334 ait
290 1327 300 1346 ,
324 1310 343 1331 «
370 1289 493 1333 Sicut
513 1287 628 1332 enim
649 1285 882 1350 aliquando
898 1306 974 1334 vos
1004 1307 1089 1335 non
1118 1292 1357 1338 credidistis
1387 1295 1475 1339 Deo
1497 1332 1508 1352 ‚

150 1380 170 1402 »
195 1376 313 1405 nunc
342 1370 484 1405 autem
519 1359 855 1404 misericordiam
883 1360 1100 1405 consecuti
1135 1363 1232 1407 estis
1261 1364 1305 1408 in
1339 1364 1512 1410 illorum

150 1450 171 1471 »
195 1429 496 1475 incredulitate
517 1446 528 1473 ε
554 1428 614 1473 ita
650 1439 690 1473 et
714 1427 763 1473 hi
780 1446 896 1474 nunc
915 1446 1002 1474 non
1018 1431 1296 1478 crediderunt
1313 1435 1357 1478 in
1376 1446 1512 1481 vestra

151 1521 172 1541 ))
200 1498 494 1545 misericordia
516 1535 527 1554 ‚
563 1509 610 1543 ut
633 1509 674 1544 et
695 1499 779 1562 ipsi
798 1499 1135 1546 misericordiam
1154 1516 1472 1567 consequantur
1498 1523 1508 1550 :

152 1591 173 1613 »
197 1570 409 1616 conclusit
434 1570 549 1614 enim
575 1571 690 1614 Deus
709 1587 854 1615 omnes
872 1570 918 1614 in
938 1570 1190 1618 infidelitate
1210 1610 1222 1630 ‚
1247 1585 1294 1619 ut
1320 1576 1513 1621 oninium

151 1663 172 1683 ›>
192 1639 479 1687 misereatur1.
502 1661 522 1680 »
548 1641 602 1684 Et
628 1656 728 1685 cum
758 1640 1004 1686 attendisset
1031 1642 1137 1704 quid
1161 1642 1341 1700 dixerit,
1370 1645 1513 1690 admi-

149 1730 249 1758 rans
272 1711 493 1757 sententiae
520 1726 609 1754 suae
632 1720 792 1754 certam
819 1710 995 1772 quidem
1015 1712 1260 1769 veritatem,
1290 1714 1361 1759 sed
1389 1732 1513 1775 niag-

149 1801 252 1829 nam
281 1780 652 1846 profunditatem,
688 1781 909 1843 quomodo
937 1782 1194 1828 concluserit
1229 1788 1345 1829 Deus
1371 1803 1516 1831 omnes

150 1855 195 1900 in
214 1853 484 1906 infidelitate,
509 1861 557 1896 ut
576 1851 768 1896 omnium
789 1851 1052 1907 misereatur,
1076 1853 1199 1916 quasi
1218 1852 1376 1899 faciens
1404 1856 1516 1901 mala

153 1935 201 1970 ut
224 1925 418 1968 venirent
430 1922 565 1975 bona,
586 1937 682 1965 mox
698 1920 950 1966 exclamavit
970 1932 1097 1985 atque
1123 1923 1205 1978 ait,
1235 1944 1254 1963 α
1272 1925 1310 1969 O
1333 1925 1515 1970 altitudo

155 2015 176 2035 )>
201 1992 449 2038 divitiarum
476 1989 696 2053 sapientiae
724 2000 764 2035 et
794 1990 982 2035 scientiae
1012 1991 1088 2036 Dei
1111 2028 1121 2046 ‚
1149 2009 1278 2055 quam
1301 1994 1519 2039 inscruta-

154 2084 174 2104 »
187 2062 293 2108 bilia
313 2060 592 2119 suntjudicia
613 2062 768 2118 ejus‚et
787 2060 1103 2119 investigabiles
1115 2061 1198 2106 viae
1212 2063 1329 2121 ejus2
1348 2064 1356 2109 Ξ
1377 2088 1393 2104 υ
1410 2065 1517 2110 Haec

153 2134 267 2179 enim
300 2130 779 2190 inscrutabiliajudicia
811 2141 852 2175 et
875 2130 1188 2191 investigabiles
1216 2134 1303 2178 vias
1330 2135 1520 2196 perversi

153 2203 449 2249 hominesnon
463 2200 714 2259 cogitantes,
738 2211 779 2244 et
793 2200 1004 2262 proclives
1025 2200 1076 2246 ad
1095 2201 1515 2264 reprehendendum,

154 2292 241 2320 non
271 2273 415 2318 idonei
451 2270 503 2315 ad
542 2269 868 2329 intelligendum
893 2308 902 2328 ‚
946 2272 1165 2333 putabant
1196 2283 1236 2316 et
1260 2274 1522 2331 jactitabant

111 2395 115 2398 ,
156 2343 414 2406 Apostolum
436 2341 594 2395 dicere,
616 2361 633 2378 α
654 2341 880 2385 Faciamus
897 2341 1025 2396 mala,
1045 2352 1093 2386 ut
1118 2342 1293 2386 veniant
1307 2343 1423 2388 bona
1441 2343 1471 2390 5.
1491 2366 1506 2383 υ

161 2413 292 2469 Quod
321 2412 432 2458 absit
457 2421 503 2455 ut
522 2410 753 2472 Apostolus
777 2411 939 2456 diceret
972 2428 982 2455 :
1025 2411 1096 2455 sed
1122 2411 1318 2457 homines
1346 2431 1430 2458 non
1454 2415 1526 2458 in-

156 2483 396 2543 telligentes
429 2481 516 2526 hoc
554 2480 774 2543 putabant
808 2480 922 2536 dici,
948 2480 1124 2544 quando
1149 2480 1385 2527 audiebant
1405 2483 1524 2546 quod

157 2554 263 2600 dixit
283 2551 518 2616 Apostolus
536 2587 547 2605 ‚
577 2550 700 2595 «Lex
724 2561 863 2596 autem
900 2551 1190 2606 subintravit,
1215 2561 1262 2596 ut
1286 2552 1527 2600 abundaret

204 2639 213 2659 ¹
233 2639 326 2667 Rom.
343 2643 387 2673 Χῖ,
404 2635 461 2667 30.
480 2650 520 2657 --
537 2629 552 2653 ²
566 2631 648 2666 Ibid,
668 2633 721 2663 33.
739 2650 781 2658 —-
803 2630 817 2656 3
831 2635 925 2666 Rom,
943 2641 990 2672 iii,
1006 2634 1038 2666 8,
