1843 3190
3 0 1843 188 2——

312 332 485 364 CONTRA
518 331 745 365 JULIANUM
779 330 1083 374 PELAGIANUM,
1122 333 1208 365 LIB.
1249 335 1317 367 111.
1394 320 1484 367 205

17 332 22 403 ξ
114 414 216 444 cum
241 408 282 444 te
295 394 495 445 breviter*
505 410 546 445 et
568 408 714 462 aperte
729 398 1048 459 interrogavero
1064 435 1075 456 ,
1099 416 1177 445 cur
1195 399 1304 460 ignis
1322 401 1400 447 iste
1414 402 1486 448 vi-

11 412 22 678 }
114 469 209 515 talis
228 468 392 515 bellum
410 469 455 514 in
474 468 653 515 homine
675 468 935 515 radicaverit
954 506 965 525 ‚
993 479 1042 514 ut
1061 486 1109 515 eo
1129 487 1230 515 caro
1248 472 1486 534 concupis-

113 548 184 584 cat
209 537 408 585 adversus
425 539 643 602 spiritum,
662 549 703 584 et
719 538 893 601 spiritui
915 555 1084 585 necesse
1102 541 1156 585 sit
1179 541 1487 603 concupiscere

112 608 315 655 adversus
339 626 512 655 carnem
527 608 545 638 1
563 629 575 663 3
602 625 681 655 cur
696 609 875 655 vulnere
887 609 1068 655 feriatur
1087 610 1257 656 mortali
1278 647 1290 667 ‚
1319 611 1395 674 qui
1412 628 1487 656 vo-

112 677 241 724 luerit
267 679 356 739 igni
391 679 628 726 consentire
650 679 796 737 vitali3
834 689 945 742 puto
968 679 1089 742 quod
1122 680 1267 743 ipsum
1297 680 1400 725 libri
1423 680 1487 725 tui

114 759 403 795 atramentum
441 749 735 795 erubescendo
773 759 1049 795 convertetur
1086 749 1133 795 in
1172 749 1370 797 minium.
1422 751 1489 795 En

112 818 222 878 ignis
240 819 381 865 vitalis
395 856 406 872 ‚
425 819 502 883 qui
518 830 676 865 nostrae
695 819 851 865 animae
867 855 878 874 ,
903 836 1003 882 quae
1022 819 1111 864 vita
1128 829 1190 864 est
1208 836 1307 865 vera
1325 819 1485 876 carnis,

113 905 203 934 non
229 888 368 934 solum
394 889 449 935 ad
470 889 700 935 arbitrium
724 905 812 934 non
830 888 1115 952 obsequitur,
1143 888 1215 934 sed
1233 889 1490 952 plerumque

114 968 265 1006 contra
301 963 392 1020 ejus
424 959 653 1006 arbitrium
686 958 943 1005 inordinatis
978 969 1019 1004 et
1054 959 1256 1022 turpibus
1295 959 1487 1004 motibus

113 1029 323 1075 excitatur
340 1066 351 1085 ‚
392 1040 433 1075 et
473 1030 555 1075 nisi
595 1029 795 1075 adversus
834 1045 933 1074 eum
962 1029 1140 1091 spiritus
1175 1029 1484 1093 concupiscat,

113 1097 275 1145 bonam
291 1099 425 1145 vitam
448 1109 638 1145 nostram
656 1099 766 1158 ignis
790 1098 867 1144 iste
889 1098 1030 1145 vitalis
1050 1098 1225 1145 occidit.

177 1170 363 1217 XXVII.
389 1173 490 1216 Post
506 1171 681 1230 longam
701 1169 1040 1233 disputationem
1058 1169 1177 1216 velut
1194 1169 1458 1216 concludens
1475 1186 1485 1214 :

114 1261 136 1282 «
158 1240 313 1287 Merito
336 1241 493 1301 igitur,
525 1240 670 1304 inquis
685 1277 697 1297 ‚
733 1240 1100 1303 concupiscentiae
1135 1240 1256 1300 origo
1283 1239 1490 1285 definitur

113 1310 158 1356 in
191 1311 289 1371 igne
319 1312 472 1367 vitali,
510 1328 598 1375 quo
633 1310 815 1357 collecto
838 1328 1007 1357 necesse
1040 1321 1102 1356 est
1133 1321 1182 1356 ut
1206 1311 1244 1357 ei
1265 1321 1490 1374 reputetur

115 1382 465 1446 concupiscentia
479 1381 683 1438 carnalis,
699 1399 778 1445 per
797 1398 925 1445 quem
943 1381 1136 1427 constitit
1147 1381 1238 1428 vita
1253 1381 1448 1427 carnalis,
1469 1401 1489 1421 >2

113 1451 180 1498 Ita
198 1452 285 1498 hoc
310 1453 443 1512 dicis,
467 1454 589 1517 quasi
611 1452 802 1516 probare
825 1452 987 1516 possis,
1015 1462 1088 1498 aut
1106 1469 1206 1498 vero
1228 1454 1487 1511 cujuscum-

114 1538 199 1585 que
220 1523 374 1569 frontis
409 1524 464 1570 sis
483 1561 495 1580 ‚
535 1523 692 1569 audeas
716 1522 951 1586 suspicari,
993 1523 1039 1568 in
1078 1523 1219 1585 prima
1257 1522 1489 1567 hominum

115 1592 423 1639 constitutione
441 1631 452 1650 ‚
478 1593 601 1656 prius
625 1609 758 1656 quam
791 1593 969 1656 culpam
994 1592 1141 1638 debita
1168 1592 1391 1637 damnatio
1419 1609 1488 1637 se-

114 1674 343 1725 queretur,
369 1665 495 1709 istam
525 1663 740 1709 carnalem
767 1663 1166 1727 concupiscentiam
1201 1673 1274 1708 aut
1307 1663 1490 1708 extitisse

115 1732 160 1778 in
184 1734 410 1797 paradiso,
440 1744 514 1780 aut
545 1734 803 1780 inordinatis
822 1772 832 1790 ,
863 1734 974 1779 sicut
1001 1751 1093 1779 eam
1118 1749 1238 1779 nunc
1263 1733 1458 1779 videmus
1477 1770 1487 1788 ‚

114 1805 308 1850 motibus
326 1822 493 1868 pugnas
522 1804 726 1851 adversus
760 1804 962 1868 spiritum
997 1803 1257 1850 foedissimas
1289 1803 1484 1849 edidisse.

116 1874 283 1920 Deinde
321 1875 540 1921 subnectis
557 1912 568 1931 ‚
606 1886 647 1921 et
684 1874 794 1921 dicis
818 1892 829 1919 ι
869 1895 888 1915 (ε
909 1875 1051 1934 Hujus
1086 1874 1234 1938 itaque
1272 1874 1492 1939 appetitus

116 1944 266 1990 nonin
294 1962 443 2004 genere
466 1960 568 2002 suo,
596 1962 685 1991 non
721 1945 767 1990 in
801 1944 968 2008 specie,
996 1961 1085 1990 non
1115 1944 1158 1990 in
1197 1944 1328 1989 modo
1361 1943 1492 2006 eulpa

117 2025 206 2071 est,
230 2015 303 2061 sed
330 2016 375 2061 in
399 2033 567 2062 excessu
591 2034 600 2061 :
629 2016 732 2079 quia
757 2032 888 2076 genus
907 2018 996 2075 ejus
1014 2025 1056 2060 et
1077 2015 1237 2078 species
1258 2014 1311 2060 ad
1335 2014 1493 2060 condi-

118 2085 220 2131 toris
240 2103 415 2149 operam
435 2088 653 2149 pertinent
671 2124 681 2142 ‚
708 2086 864 2132 modus
885 2090 974 2145 ejus
1000 2084 1054 2130 ad
1075 2085 1302 2130 arbitrium
1328 2084 1490 2129 hones-

117 2156 216 2200 tatis
235 2193 245 2210 ,
272 2173 459 2201 excessus
484 2156 537 2201 ad
567 2157 720 2201 vitium
746 2155 1024 2201 voluntatis‘2.
1054 2177 1073 2196 ›>
1108 2155 1249 2210 Quam
1281 2156 1492 2199 concinne

118 2225 200 2270 tibi
223 2226 352 2270 verba
374 2226 518 2270 inania
542 2236 801 2278 sonuerunt3
831 2225 981 2288 utique
1004 2223 1173 2268 homini
1195 2223 1273 2286 qui
1302 2239 1389 2267 non
1413 2239 1492 2267 co-

118 2295 224 2354 gitas
252 2294 357 2357 quid
377 2294 509 2340 dicas.
540 2295 582 2340 Si
606 2294 762 2339 modus
784 2295 1002 2357 appetitus
1027 2292 1159 2352 hujus
1179 2292 1229 2337 ad
1261 2291 1490 2337 arbitrium

119 2364 304 2427 pertinet
323 2364 582 2417 honestatis3
613 2368 735 2423 cujus
757 2363 927 2409 tandem
949 2361 1121 2407 honesti
1139 2361 1368 2407 arbitrium
1390 2377 1493 2406 con-

114 2434 252 2493 jugati
273 2434 373 2479 velit
397 2434 516 2478 hunc
539 2434 780 2497 appetitum
803 2470 812 2487 ,
838 2433 918 2477 nisi
941 2430 1119 2495 quando
1140 2448 1249 2494 opus
1268 2441 1352 2486 est,
1376 2447 1493 2476 com—

120 2504 313 2549 moveri?
339 2514 379 2549 et
403 2514 548 2549 tamen
575 2503 694 2567 quod
718 2503 814 2549 vult
839 2520 927 2547 non
959 2511 1116 2564 potest.
1155 2502 1292 2560 Cujus
1322 2498 1493 2545 honesti

122 2573 379 2620 continentis
414 2573 642 2619 arbitrium
676 2573 779 2619 velit
823 2570 1055 2636 aliquando
1094 2571 1216 2617 hunc
1248 2569 1490 2634 appetitum

171 2652 302 2689 ¹Galut.
317 2665 348 2698 v,
368 2666 418 2695 17.
434 2672 478 2680 -—
493 2653 508 2677 2
522 2654 606 2687 Vide
625 2653 683 2690 lib.
705 2664 734 2686 α.
750 2653 790 2686 de
803 2655 891 2697 ant
920 2662 988 2698 cap.
1007 2662 1061 2693 19.
