1843 3190
309 271 401 325 [220
720 287 753 316 s.
798 286 1042 317 Aueusnm
1077 288 1281 319 EPISCOPI

307 359 355 394 ut
381 348 489 412 quid
522 349 631 405 hoc,
658 351 737 395 nisi
763 361 911 395 contra
930 352 1070 397 carnis
1107 352 1506 415 concupiscentiam
1529 353 1685 417 spiritu

307 419 693 482 concupiscendo?
734 420 867 475 Quod
902 421 1109 466 nimirum
1147 433 1188 468 et
1222 423 1312 485 ipse
1352 422 1530 468 sensisti.
1572 424 1686 469 Cum

305 487 420 534 enim
445 489 692 535 describens
708 489 959 535 felicitatem
974 490 1136 536 futurae
1150 492 1270 546 vitae,
1295 491 1530 538 addidisses
1554 503 1686 557 atque

305 561 477 607 dixisses
505 578 514 604 :
541 581 559 600 «
584 562 719 605 'Nemo
749 561 954 606 conviciis
978 561 1146 607 felicem
1181 562 1501 625 impudentiam
1520 599 1530 618 ,
1559 580 1686 609 nemo

304 631 496 677 maxillas
513 630 686 693 palmis,
705 647 830 676 nemo
847 631 1051 690 sthiciet
1069 642 1186 691 terga
1201 632 1478 687 verberibus3
1493 649 1571 678 nec
1584 650 1686 678 con-

301 700 407 746 flare
420 700 614 745 studebit
633 700 686 745 de
699 701 951 745 infirmitate
968 701 1173 746 virtutem
1189 721 1200 754 3
1221 718 1299 746 nec
1318 718 1419 747 cum
1433 702 1582 765 inopia
1594 701 1683 747 fru-

310 769 480 829 galitas,
508 786 586 814 nec
604 787 707 815 cum
729 770 992 815 moeroribus
1011 771 1344 829 magnanimitas
1368 789 1378 815 ε
1409 791 1430 813 »
1455 788 1588 833 quare
1609 771 1682 817 di-

302 857 396 885 cere
416 839 612 895 noluisti,
631 857 710 884 nec
732 857 830 884 cum
851 840 992 884 carnis
1015 841 1370 902 concupiscentia
1388 841 1558 886 castitas
1575 844 1593 887 P
1610 841 1684 887 sed

301 908 508 954 festinasti
528 927 697 954 sensum
723 910 1002 964 concludere,
1024 921 1152 973 atque
1172 910 1312 955 dixisti
1333 929 1343 955 :
1366 932 1386 952 «
1411 912 1501 956 Νο0
1519 912 1684 974 patien-

302 981 360 1025 tia
382 997 480 1025 cum
519 979 665 1025 dolore
690 980 934 1026 luctabitur
958 1001 968 1034 ;
990 1002 1010 1022 ›>
1047 981 1158 1026 nihil
1186 981 1306 1027 aliud
1339 998 1683 1028 commemorans

302 1050 383 1094 nisi
407 1049 526 1112 quod
565 1049 801 1095 forinsecus
836 1051 1001 1095 irruens
1024 1050 1279 1096 fortitudine
1322 1050 1551 1106 toleratur,
1590 1068 1680 1097 non

299 1120 419 1184 quod
436 1120 553 1165 intus
566 1137 607 1165 se
624 1137 900 1166 commovens
924 1121 1118 1166 castitate
1131 1120 1450 1184 comprimitur.
1484 1122 1552 1167 An
1570 1121 1682 1167 forte

299 1208 376 1235 nos
404 1190 545 1249 arguis
568 1190 800 1247 tarditatis,
828 1192 903 1254 qui
924 1208 1012 1235 non
1051 1191 1402 1246 intellexerimus,
1424 1191 1512 1236 hoc
1533 1201 1574 1236 te
1589 1194 1682 1251 jam

296 1260 554 1319 significasse
578 1261 793 1322 superius,
825 1278 924 1306 cum
950 1260 1003 1306 de
1039 1261 1174 1306 livore
1214 1261 1409 1324 corporis
1438 1260 1602 1306 diceres
1640 1271 1682 1306 et

297 1329 448 1375 labore
483 1346 530 1374 ac
556 1330 731 1392 paedore
759 1332 1087 1376 membrorum?
1124 1330 1313 1387 Quando
1354 1330 1469 1375 enim
1501 1347 1588 1375 non
1625 1331 1681 1375 ab

297 1399 437 1455 hoste,
466 1399 539 1445 sed
564 1418 586 1445 a
610 1417 651 1445 se
681 1401 775 1463 ipso
799 1401 1002 1461 affligitur
1018 1400 1159 1457 fortis,
1183 1402 1228 1446 in
1251 1402 1346 1463 ipso
1368 1401 1485 1446 intus
1521 1411 1582 1445 est
1604 1400 1682 1463 qui

297 1470 537 1516 vincendus
555 1482 617 1515 est
635 1471 784 1517 hostis.

365 1541 546 1586 XLVII.
575 1541 792 1586 Memento
823 1558 920 1586 sane
940 1558 1028 1586 non
1054 1552 1094 1587 te
1121 1541 1361 1604 exposuisse
1386 1556 1465 1585 cur
1486 1540 1682 1603 Aposto-

298 1610 366 1655 lus
380 1609 533 1656 dixerit
563 1629 573 1655 z
595 1632 614 1651 «
638 1611 931 1674 Adoptionem
956 1610 1274 1675 expectantes1,
1301 1632 1321 1652 »
1347 1611 1527 1673 quijam
1549 1610 1594 1654 in
1613 1608 1682 1655 la-

298 1698 430 1726 vacro
472 1682 824 1740 regenerationis„
846 1681 989 1726 fuerat
1029 1682 1278 1744 adoptatus.
1329 1681 1493 1725 Iterum
1529 1679 1638 1725 dicis
1665 1697 1676 1724 ε

295 1772 315 1791 «
345 1751 477 1807 Quod
500 1768 673 1796 carnem
690 1768 810 1796 suam
831 1751 977 1796 nullus
997 1751 1149 1797 oderit.
1177 1772 1197 1793 >2
1217 1750 1327 1807 Quis
1351 1750 1466 1795 enim
1489 1750 1576 1794 hoc
1601 1765 1681 1793 ne-

297 1824 398 1880 gat?
425 1820 509 1865 Sed
534 1831 675 1865 tamen
711 1821 955 1883 disciplinae
978 1822 1118 1880 rigore
1159 1821 1306 1866 asseris
1344 1817 1673 1866 conterendam.

296 1892 462 1936 Iterum
484 1909 583 1950 ergo
607 1909 688 1954 pro
712 1893 889 1937 veritate
922 1892 1128 1955 loqueris,
1163 1903 1206 1936 et
1235 1890 1384 1936 audire
1420 1901 1462 1935 te
1488 1907 1576 1935 non
1594 1889 1673 1936 vis.

298 1961 390 2006 Cur
410 1961 522 2006 enim
559 1979 657 2006 caro
682 1962 920 2006 conteritur
943 1980 966 2007 a
1004 1961 1206 2006 fidelihus
1223 1997 1233 2016 ‚
1271 1961 1304 2005 si
1338 1959 1452 2004 nihil
1475 1958 1680 2004 remansit

296 2032 343 2076 in
366 2031 584 2094 baptismo
609 2032 727 2094 quod
765 2032 967 2077 adversus
987 2031 1189 2095 spiritum
1215 2030 1530 2092 concupiscat?
1559 2032 1674 2084 Cur,

297 2102 495 2163 inquam,
526 2101 804 2146 conteritura
829 2119 870 2147 se
893 2103 988 2164 ipso
1017 2100 1228 2163 templum
1272 2099 1364 2154 Dei,
1391 2099 1425 2144 si
1463 2097 1575 2143 nihil
1614 2097 1679 2142 ibi

298 2183 359 2217 est
383 2171 500 2234 quod
517 2172 682 2215 resistat
697 2172 881 2234 Spiritui
907 2172 1015 2216 Dei?
1037 2172 1136 2215 Non
1158 2180 1300 2215 autem
1321 2179 1489 2213 tantum
1508 2169 1676 2223 inesset,

298 2258 448 2286 verum
467 2252 508 2286 et
529 2241 714 2299 graviter
735 2241 900 2287 obesset
918 2278 929 2296 ,
957 2241 1039 2285 nisi
1054 2251 1194 2285 reatus
1218 2255 1305 2301 quo
1332 2255 1408 2283 nos
1431 2237 1673 2282 obstrinxe-

297 2321 382 2365 rat,
408 2328 482 2372 per
504 2311 795 2355 remissionem
832 2322 1118 2373 peccatorum
1140 2309 1303 2354 solutus
1340 2319 1458 2354 esset.
1486 2306 1679 2351 Solvitur

297 2397 398 2439 ergo
416 2397 494 2442 per
516 2380 851 2438 indulgentiam,
879 2381 981 2444 quia
1006 2380 1180 2425 tenebat
1204 2379 1250 2423 in
1270 2395 1374 2423 noxa
1397 2395 1407 2422 z
1439 2376 1677 2422 conteritur

300 2468 380 2513 per
421 2450 753 2505 continentiam,
780 2468 833 2496 ne
856 2452 1004 2496 vineat
1029 2451 1074 2495 in
1097 2466 1261 2513 pugna.
1286 2448 1441 2508 Agitur
1458 2447 1603 2509 itaque
1623 2462 1676 2491 ne

298 2519 429 2575 obsit,
448 2519 586 2564 donec
610 2519 669 2564 ita
691 2531 864 2566 sanetur
888 2531 1041 2566 utnon
1055 2519 1121 2566 sit.
1151 2519 1433 2582 Quapropter
1446 2516 1675 2564 dimittun-

346 2601 358 2622 1
377 2603 472 2633 Rom.
492 2611 560 2638 viu,
581 2601 636 2632 23.
