1843 3190
399 337 415 367 1
428 322 488 384 96
817 335 850 365 S.
894 332 1136 364 AUGUSTINI
1171 331 1376 363 muscom

393 400 600 465 quoniam
623 410 722 445 tuus
743 408 805 444 est
834 409 875 444 et
900 398 1020 462 prior
1051 398 1150 455 iste,
1188 415 1276 443 non
1311 414 1444 444 meus,
1482 396 1602 442 Dicis
1627 412 1727 456 ergo
1749 413 1761 440 ι

393 492 415 513 «
443 472 584 517 Causa
613 486 791 515 sexuum
827 469 1073 514 commixtio
1095 484 1365 531 corporum:
1394 489 1413 509 ›>
1438 478 1480 512 et
1508 467 1573 514 vis
1594 477 1643 512 ut
1676 466 1766 511 hoc

393 540 630 588 concedam
652 540 747 586 tibi.
776 541 888 584 Ecce
915 538 1122 585 concedo.
1153 539 1298 597 Pergis
1324 537 1424 583 inde
1439 575 1449 593 ‚
1472 547 1514 582 et
1532 535 1730 596 adjungis
1751 553 1762 580 ε

393 632 414 654 «
442 611 490 658 Si
522 609 635 656 mala
667 626 835 672 semper
870 609 1144 665 commixtio,
1179 608 1382 654 deformis
1414 608 1542 653 etiam
1575 606 1767 652 conditio

391 697 626 744 corporum
641 680 686 725 in
700 697 874 725 sexuum
896 679 1140 725 diversitate
1163 678 1421 742 positorum.
1453 699 1473 719 υ
1499 678 1595 723 Hoc
1614 676 1647 722 si
1664 685 1770 722 esset

391 767 677 813 consequens,
706 767 774 795 me
798 767 885 794 non
908 759 1148 812 premeret,
1181 750 1255 811 qui
1280 748 1629 793 commixtionem
1648 761 1769 809 nup-

390 820 536 866 tialem
553 857 564 876 ,
600 820 647 865 id
684 830 744 865 est
763 856 773 875 ‚
809 820 1046 865 liberorum
1085 818 1456 881 procreandorum
1490 834 1617 863 causa
1633 853 1644 872 ‚
1681 832 1770 861 non

390 890 529 936 solum
559 890 718 934 malam
754 906 844 934 non
865 889 965 934 dico
982 926 992 945 ‚
1016 888 1296 934 verumetiam
1332 888 1494 933 bonam
1517 888 1632 933 dico.
1668 886 1769 931 Huc

391 958 562 1004 accedit
577 995 587 1013 ‚
611 958 712 1020 quia
732 969 774 1003 et
788 974 1050 1021 consequens
1067 975 1154 1003 non
1174 969 1235 1003 est
1252 994 1262 1013 ,
1287 967 1334 1003 ut
1352 958 1385 1002 si
1403 974 1569 1020 semper
1582 967 1644 1002 est
1658 956 1771 1002 mala

389 1045 508 1075 sexus
532 1029 755 1090 utriusque
774 1028 1048 1084 commixtio,
1075 1038 1305 1090 propterea
1330 1028 1384 1072 sit
1415 1027 1620 1072 deformis
1641 1027 1771 1072 etiam

391 1098 584 1144 conditio
603 1115 838 1160 corporum
854 1098 899 1143 in
913 1114 1088 1143 sexuum
1112 1097 1360 1143 diversitate
1382 1097 1639 1160 positorum.
1665 1098 1771 1142 Pro-

388 1167 502 1214 fecto
539 1169 653 1214 enim
690 1169 724 1213 si
755 1168 801 1214 in
836 1178 1006 1214 tantum
1040 1168 1238 1213 homines
1271 1178 1408 1213 essent
1431 1167 1547 1214 malo
1577 1167 1773 1213 libidinis

389 1238 612 1298 subjugati
631 1275 642 1294 ,
671 1249 719 1284 ut
742 1249 906 1286 remota
922 1239 1146 1284 honestate
1167 1238 1423 1301 nuptiarum
1440 1275 1451 1291 ‚
1479 1255 1625 1284 omnes
1641 1237 1772 1283 indif-

388 1307 574 1354 ferenter
598 1326 648 1354 ac
672 1310 832 1372 passim
857 1310 1013 1355 canino
1038 1326 1157 1355 more
1169 1310 1535 1365 concumberent,
1562 1327 1650 1355 non
1675 1309 1772 1354 ideo

392 1378 599 1425 deformis
623 1391 730 1425 esset
747 1380 941 1426 conditio
961 1397 1196 1444 corporum
1217 1418 1227 1435 ‚
1245 1384 1370 1440 cujus
1390 1381 1505 1426 Deus
1523 1391 1675 1426 auctor
1691 1390 1769 1431 est,

390 1449 597 1511 quoniam
618 1449 730 1494 mala
749 1461 853 1496 esset
871 1451 1065 1496 omnium
1086 1451 1316 1496 hominum
1340 1451 1470 1495 maris
1493 1450 1774 1514 foeminaeque

391 1519 642 1564 commixtio
668 1537 678 1564 ε
706 1521 819 1566 sicut
835 1522 963 1566 etiam
988 1537 1106 1566 nunc
1130 1521 1184 1566 de
1205 1520 1448 1566 adulterina
1470 1520 1774 1566 commixtione

389 1590 543 1653 utique
575 1589 689 1635 mala
708 1627 719 1646 ,
746 1591 914 1637 bonum
948 1602 1010 1637 est
1034 1592 1080 1637 in
1113 1608 1349 1655 corporum
1388 1591 1640 1637 conditione
1664 1608 1774 1654 opus

389 1659 485 1705 Dei.
516 1658 644 1704 Vides
661 1677 816 1723 nempe
832 1698 842 1715 ‚
863 1678 996 1724 quam
1016 1661 1241 1707 dialectice
1261 1661 1375 1707 nihil
1394 1661 1548 1707 dixeris
1564 1699 1574 1717 ,
1593 1672 1634 1707 et
1654 1661 1775 1707 nulla

390 1727 568 1791 quidem
594 1728 724 1791 eulpa
749 1729 988 1776 dialecticae
1018 1731 1264 1794 disciplinae
1287 1768 1297 1786 ,
1326 1741 1373 1776 tu
1397 1743 1611 1794 quantum
1637 1749 1658 1776 a
1681 1741 1774 1776 tra-

389 1799 496 1844 mite
519 1801 610 1857 ejus
635 1799 968 1846 exorbitaveris?
987 1800 1117 1846 Vides
1134 1800 1252 1846 illius
1270 1801 1371 1847 artis
1389 1801 1532 1846 verbis
1551 1800 1604 1846 ad
1624 1801 1711 1846 hoc
1735 1811 1774 1846 te

395 1868 487 1923 uti,
514 1878 562 1913 ut
591 1869 649 1913 eis
688 1870 864 1917 inflatus
898 1872 1103 1917 attonitos
1142 1871 1274 1916 facias
1297 1871 1520 1935 imperitos
1539 1909 1549 1926 ,
1586 1871 1773 1918 volendo

389 1937 528 1984 videri
541 1955 626 1983 esse
642 1940 761 2000 quod
784 1959 867 1986 nou
895 1959 951 1988 es.
981 1941 1113 1998 Quod
1137 1942 1213 1987 etsi
1238 1959 1343 1987 esses
1360 1979 1370 1993 ‚
1396 1941 1450 1987 ad
1472 1959 1570 1987 eum
1588 1941 1767 1987 modum

387 2025 476 2071 quo
496 2008 576 2052 ista
599 2007 862 2071 disputanda
887 2021 1010 2065 sunt‚
1044 2011 1155 2056 nihil
1180 2028 1300 2058 esses.
1335 2011 1418 2056 Sed
1439 2011 1570 2074 plane
1593 2028 1711 2058 nuuc
1731 2021 1774 2057 et

390 2080 565 2140 ineptus
590 2088 630 2121 et
654 2078 883 2141 imperitus
901 2118 911 2136 ,
939 2092 1045 2126 tunc
1077 2091 1219 2125 autem
1257 2082 1431 2143 ineptus
1463 2080 1610 2126 artifex
1646 2098 1768 2128 esses.

392 2148 448 2192 Et
472 2157 615 2191 tamen
639 2146 970 2196 dialecticorum
992 2151 1116 2214 quasi
1135 2150 1290 2209 jaculis
1316 2161 1516 2196 oneratus
1542 2151 1705 2208 acutis,
1728 2152 1775 2196 in

390 2226 606 2262 certamen
627 2219 826 2278 procedis
842 2258 852 2275 ‚
875 2230 915 2265 et
934 2224 1072 2279 jactas
1090 2221 1321 2282 plumbeos
1354 2222 1564 2283 pugiones
1597 2219 1770 2266 dicens:

391 2308 411 2328 «
438 2287 482 2330 Si
508 2284 621 2330 mala
645 2303 815 2351 semper
854 2290 1104 2335 commixtio
1125 2327 1135 2346 ,
1164 2290 1373 2335 deformis
1411 2291 1539 2335 etiam
1579 2290 1774 2335 conditio

391 2369 627 2417 corporum
648 2355 692 2400 in
716 2375 891 2404 sexuum
921 2359 1167 2405 diversitate
1195 2360 1451 2422 positorum.
1477 2381 1496 2401 n
1519 2359 1607 2404 Nec
1625 2359 1775 2405 videns

392 2441 524 2488 quam
542 2440 627 2467 non
648 2426 700 2471 sit
722 2445 986 2492 consequens
1000 2466 1010 2485 ‚
1029 2429 1149 2492 quod
1165 2446 1245 2491 pro
1265 2439 1519 2488 argumento
1539 2429 1774 2474 necessario

391 2497 595 2559 posuisti,
635 2499 834 2559 daJ'ungis
864 2510 904 2545 et
939 2499 1071 2554 dicis,
1101 2521 1121 2540 «
1148 2498 1279 2556 Quod
1309 2517 1407 2544 cum
1438 2516 1593 2559 negare
1616 2500 1774 2563 nequi-

391 2571 514 2615 versi.
551 2590 571 2610 »
596 2569 714 2625 Quid
738 2580 799 2614 est
825 2569 943 2632 quod
967 2585 1132 2632 nequeo
1166 2587 1344 2629 negare,
1374 2569 1506 2615 homo
1524 2569 1774 2615 inconside-

390 2639 504 2685 rate?
552 2638 658 2702 quid
681 2648 743 2686 est
766 2638 885 2703 quod
918 2655 1086 2703 nequeo
1114 2642 1297 2702 negare?
1330 2639 1426 2687 Hoc
1449 2655 1631 2703 nempe,
1653 2638 1773 2703 quod
