1843 3190
358 262 414 323 76
781 275 816 306 S.
859 270 1105 303 Aucusrmi
1141 270 1346 301 El’lscoPl

353 341 495 386 Deum
531 338 824 385 auxiliatorem
852 337 1047 401 requirit.
1072 357 1092 377 »
1115 341 1223 382 Item
1246 336 1292 381 in
1316 335 1430 380 libro
1460 335 1538 399 qui
1577 334 1735 380 inscri-

355 412 493 468 bitur,
521 411 574 456 de
595 412 712 470 Fuga
733 410 895 456 saeculi.
923 413 1178 471 «Frequens
1197 408 1341 462 nobis,
1366 407 1538 471 inquit,
1563 407 1617 453 de
1629 408 1734 452 effu-

357 481 512 541 giendo
540 479 699 525 saeculo
721 480 803 524 isto
828 490 890 524 est
914 495 1080 524 sermo:
1104 489 1236 541 atque
1261 478 1424 523 utinam
1447 495 1577 541 quam
1598 476 1738 522 facilis

354 569 493 598 sermo
512 589 523 607 ,
559 561 643 596 tam
676 561 828 595 cautus
847 561 889 595 et
913 549 1119 594 sollicitus
1149 550 1344 595 affectus.
1371 548 1453 594 Sed
1472 547 1590 612 quod
1618 551 1738 610 pejus

356 632 440 677 est,
477 621 722 685 frequenter
746 620 899 684 irrepit
921 630 1187 664 terrenarum
1216 618 1418 664 illecebra
1444 617 1737 681 cupiditatum

355 704 397 738 et
421 692 660 738 vanitatum
696 692 849 737 offusio
874 702 1063 736 mentem
1091 700 1308 752 occupat,
1339 701 1386 735 ut
1410 689 1530 752 quod
1569 687 1739 733 studeas

359 763 490 808 vitare
508 800 517 818 ,
542 763 629 807 hoc
653 763 813 822 cogites
836 762 1067 824 animoque
1101 760 1263 807 volvas.
1301 760 1431 816 Quod
1451 777 1600 806 cavere
1620 757 1739 804 diffi-

356 833 437 878 cile
460 844 521 877 est
544 833 713 878 homini
732 870 741 887 ‚
770 849 919 877 exuere
948 842 1091 876 autem
1116 831 1397 893 impossibile.
1426 831 1627 892 Denique
1650 829 1741 874 voti

356 903 489 962 magis
524 919 614 947 eam
649 919 734 948 esse
762 919 852 947 rem
871 939 881 958 ‚
905 918 1035 965 quam
1064 902 1239 946 effectus
1258 937 1268 955 ‚
1298 912 1477 946 testatur
1515 899 1739 963 Propheta

356 971 542 1017 dicendo
566 989 576 1016 :
600 993 619 1013 α
646 972 826 1017 Declina
854 989 929 1017 cor
950 988 1091 1016 meum
1115 971 1160 1016 in
1187 971 1430 1016 testimonia
1453 982 1524 1016 tua
1541 1007 1551 1026 ,
1582 981 1624 1015 et
1647 986 1741 1014 non
1806 1009 1808 1016 .

360 1064 379 1083 >2
404 1043 448 1087 in
471 1042 695 1087 avaritiam
712 1041 745 1089 1.
777 1064 795 1082 »
817 1043 914 1087 Non
938 1042 1050 1086 enim
1076 1042 1120 1086 in
1141 1052 1351 1104 potestate
1377 1052 1521 1086 nostra
1546 1051 1645 1085 sunt
1667 1056 1742 1085 cor
1775 1068 1778 1072 -

358 1123 553 1158 nostrum
587 1123 630 1157 et
661 1123 818 1158 nostrae
852 1113 1155 1172 cogitationes,
1192 1130 1293 1176 quae
1330 1111 1569 1175 improviso
1594 1112 1742 1157 offusae

362 1194 547 1227 mentem
587 1183 867 1246 animumque
906 1182 1187 1228 confundunt
1212 1220 1222 1238 ,
1260 1193 1389 1246 atque
1435 1181 1518 1227 alio
1563 1181 1744 1226 trahunt

362 1271 493 1315 quam
520 1265 565 1298 tu
590 1255 870 1316 proposueris
902 1272 911 1298 :
942 1253 994 1299 ad
1021 1254 1245 1299 saecularia
1263 1263 1491 1309 revocant,
1519 1252 1743 1298 mundana

362 1324 559 1368 inserunt
575 1361 584 1379 ,
602 1324 845 1387 voluptaria
866 1324 1070 1384 ingerunt
1087 1362 1097 1380 ‚
1117 1324 1367 1370 illecebrosa
1388 1324 1609 1375 intexunt3
1630 1324 1744 1385 ipso-

364 1411 447 1456 que
482 1394 526 1438 in
549 1404 743 1456 tempore
762 1432 772 1450 ‚
799 1412 886 1458 quo
918 1395 1083 1439 elevare
1108 1406 1295 1440 mentem
1321 1411 1549 1457 paramus,
1577 1393 1745 1438 insertis

363 1464 566 1508 inanibus
590 1465 925 1523 cogitationibus
950 1465 1005 1510 ad
1022 1476 1192 1510 terrena
1214 1465 1474 1528 plerumque
1496 1464 1740 1523 dejicimur.

367 1533 476 1589 Quis
495 1544 638 1579 autem
666 1545 749 1579 tam
776 1536 928 1580 beatus
947 1573 956 1589 ‚
985 1536 1060 1599 qui
1081 1536 1125 1580 in
1150 1535 1281 1580 corde
1304 1552 1379 1580 suo
1406 1551 1575 1597 semper
1597 1551 1743 1579 ascen·
1780 1586 1784 1594 Α

366 1603 474 1649 dats
506 1604 590 1649 Sed
622 1604 709 1650 hoc
739 1605 829 1650 sine
855 1605 1009 1650 auxilio
1029 1606 1177 1651 divino
1205 1606 1281 1668 qui
1310 1605 1401 1650 fieri
1421 1608 1593 1668 potest.3
1615 1604 1747 1649 Nullo

367 1674 562 1737 profecto
601 1675 748 1722 modo,
783 1677 980 1739 Denique
1013 1694 1142 1739 supra
1177 1676 1324 1720 eadem
1350 1676 1576 1738 Scriptura
1603 1674 1744 1719 dicit:

369 1745 571 1789 «Beatus
599 1745 665 1790 vir
701 1750 824 1805 cujus
856 1757 916 1791 est
955 1746 1161 1791 auxilium
1196 1750 1286 1806 ejus
1329 1747 1404 1790 alis
1437 1757 1502 1799 te,
1536 1746 1745 1799 Domine,
1795 1751 1797 1753 ’

373 1836 392 1855 »
418 1832 617 1861 ascensus
636 1818 680 1861 in
701 1817 830 1862 corde
849 1821 940 1876 ejus
957 1818 987 1864 2.
1018 1841 1037 1859 »
1061 1817 1179 1872 Quid
1205 1817 1393 1880 apertius
1413 1827 1452 1860 et
1471 1815 1751 1861 sufficientius

377 1885 463 1931 dici
489 1890 661 1948 potest?
685 1887 771 1932 Sed
796 1906 848 1933 ne
872 1888 1091 1948 pelagiani
1112 1888 1221 1932 forte
1241 1886 1552 1949 respondeant,
1582 1903 1630 1930 eo
1658 1886 1752 1948 ipso

372 1973 459 2019 quo
485 1956 684 2002 divinum
715 1958 918 2003 auxilium
943 1959 1136 2020 poscitur
1160 1958 1405 2021 praecedere
1441 1956 1630 2001 hominis
1662 1973 1753 2000 me-

373 2027 532 2080 ritum;
578 2027 771 2090 idipsum
808 2029 1008 2073 meritum
1042 2045 1127 2073 esse
1160 2028 1372 2081 dicentes„
1396 2027 1497 2088 quia
1517 2025 1682 2070 orando
1704 2025 1754 2069 fit

373 2096 530 2156 dignus
548 2099 617 2142 cui
633 2099 768 2157 gratia
784 2098 930 2143 divina
953 2097 1206 2143 subveniant
1230 2115 1240 2142 ι
1267 2095 1492 2141 attendant
1511 2094 1619 2159 quid
1640 2094 1754 2139 idem

375 2168 440 2213 vir
462 2179 634 2214 sanctus
658 2168 777 2214 dicat
797 2170 839 2214 in
867 2170 1130 2232 expositione
1155 2170 1291 2213 Isaiae.
1319 2189 1336 2207 f<
1359 2168 1414 2211 Et
1438 2183 1558 2211 orare
1588 2168 1721 2210 Deum
1740 2201 1750 2219 ,

377 2238 520 2300 inquit
537 2275 547 2293 ‚
575 2240 712 2297 gratia
737 2240 944 2302 spiritalis
972 2250 1044 2285 est.
1079 2241 1213 2284 Nemo
1239 2238 1350 2283 enim
1389 2237 1496 2282 dicit
1520 2235 1755 2280 Dominum

377 2308 549 2363 «lesum,
576 2309 655 2353 nisi
677 2309 719 2353 in
744 2309 910 2371 Spiritu
935 2321 1096 2355 sancto.
1129 2332 1146 2347 »
1168 2308 1294 2353 [Tude
1312 2318 1352 2351 et
1372 2323 1586 2369 exponens
1608 2307 1756 2349 Evan-

380 2377 538 2437 gelium
574 2379 812 2424 secundum
850 2382 1016 2424 Lucam
1044 2398 1054 2424 ε
1084 2380 1211 2424 Vides
1244 2380 1418 2441 utique,
1451 2377 1619 2440 inquit,
1654 2376 1754 2438 quia

381 2447 544 2510 ubique
582 2449 755 2493 Domini
792 2450 926 2494 virtus
961 2450 1114 2494 studiis
1155 2459 1415 2512 cooperatur
1438 2447 1673 2502 humanis,
1709 2456 1757 2490 ut

380 2535 506 2563 nemo
530 2518 667 2581 possit
688 2519 906 2564 aedificare
932 2521 1019 2565 sine.
1045 2521 1230 2565 Domino
1245 2557 1254 2575 ‚
1280 2535 1406 2564 nemo
1425 2517 1644 2563 custodire
1668 2517 1756 2561 >ine

426 2602 437 2623 ¹
458 2601 542 2636 Psal.
557 2611 668 2640 (πμ-ιιι,
690 2603 743 2632 36.
765 2601 1054 2643 -21d.1,xxx=n‚
1078 2606 1111 2638 6.
1132 2601 1205 2627 —3
1229 2615 1240 2634 1
1259 2605 1331 2636 Cur.
1349 2613 1412 2645 κη,
1440 2603 1470 2634 3.
