1843 3190
277 257 336 311 14
693 269 728 301 s.
770 268 1015 302 Auensrim
1051 268 1256 300 Emscom

274 352 352 398 uni
375 351 468 397 Deo
487 350 704 411 religionis
722 350 931 414 obsequio
955 350 1164 396 serviatur
1183 386 1196 407 ,
1218 361 1268 395 ut
1286 349 1455 395 idolum
1475 367 1564 396 non
1583 360 1654 397 co·

273 423 388 470 latur
403 459 415 479 ,
446 433 495 468 ut
517 439 675 468 nomen
697 422 878 468 Domini
903 438 991 467 non
1011 421 1253 484 accipiatur
1277 423 1322 467 in
1348 437 1510 467 vanum
1527 421 1545 450 1
1563 459 1574 478 ,
1605 432 1655 467 ut

276 504 476 558 parentes
492 493 779 549 honorentur,
797 510 850 538 ne
864 492 1093 548 adulteria,
1117 492 1374 547 homicidia,
1394 491 1526 548 furta,
1550 492 1656 537 falsa

271 564 523 611 ‘testimonia
552 574 858 627 perpetrentur
876 601 886 615 ,
920 580 973 609 ne
1010 580 1146 620 uxor,
1180 580 1234 609 ne
1263 563 1440 608 omnino
1470 580 1535 608 res
1565 562 1656 608 ulla

276 636 612 698 concupiscatur
628 634 794 680 aliena?
809 635 917 691 Quis
938 644 998 680 est
1014 645 1104 680 tam
1119 634 1298 697 impius,
1318 633 1395 697 qui
1412 633 1532 679 dicat
1558 634 1656 679 ideo

281 722 325 751 se
342 705 422 751 ista
446 705 548 764 legis
571 721 657 750 non
673 704 890 751 custodire
906 714 1128 768 praecepta
1146 741 1158 760 ,
1181 704 1283 768 quia
1308 714 1370 749 est
1393 704 1485 767 ipse
1503 704 1658 749 Chris-

281 775 423 821 tianus
437 811 448 831 ,
475 791 554 819 nec
577 775 660 820 sub
680 774 771 834 lege
789 812 800 831 ,
823 774 896 820 sed
915 775 997 820 sub
1017 774 1152 834 gratia
1176 773 1463 820 constitutus?

343 846 422 892 XI.
463 844 626 889 Verum
644 845 743 890 haec
767 845 898 907 plane
917 862 1074 904 magna
1103 845 1308 890 distantia
1328 854 1389 889 est
1408 880 1419 899 ,
1447 844 1567 906 quod
1590 843 1660 890 fa·-

280 916 405 963 ciunt
427 914 506 959 ista
523 913 606 959 sub
630 913 721 974 lege
743 914 875 977 positi
894 951 904 970 ,
933 931 1043 978 quos
1063 914 1206 960 littera
1231 913 1395 959 occidit
1412 951 1423 968 ,
1448 924 1662 960 terrenam

280 985 532 1033 felicitatem
564 983 633 1029 vel
662 984 904 1047 cupiditate
942 984 1211 1048 adipiscendi
1246 984 1315 1031 vel
1346 985 1501 1030 timore
1529 985 1662 1030 amit-

282 1055 406 1102 tendi
425 1072 435 1100 :
457 1064 498 1100 et
520 1053 618 1100 ideo
638 1071 728 1099 non
753 1071 851 1100 vere
871 1054 1065 1109 faciunt;
1094 1055 1303 1118 quoniam
1323 1054 1508 1100 carnalis
1530 1055 1662 1118 cupi-

287 1126 420 1181 ditas,
455 1141 541 1188 qua
576 1136 806 1187 peccatum
846 1136 1140 1171 commutatur
1173 1125 1318 1188 potius
1353 1124 1421 1171 vel
1453 1136 1659 1185 augetur,

285 1195 527 1259 cupiditate
552 1194 633 1240 alia
655 1213 747 1241 non
765 1207 954 1243 sanatur.
981 1196 1037 1242 Hi
1055 1196 1107 1241 ad
1128 1196 1262 1241 Vetus
1285 1195 1501 1258 pertinent
1519 1196 1664 1241 Testa-

287 1275 482 1313 mentum
500 1301 511 1321 ,
537 1263 658 1327 quod
684 1266 729 1310 in
750 1266 1000 1312 servitutem
1019 1276 1191 1326 generat
1208 1286 1219 1319 ;
1239 1265 1342 1329 quia
1362 1264 1467 1310 facit
1486 1282 1555 1310 eos
1574 1282 1665 1311 car-

288 1336 397 1383 nalis
432 1335 562 1380 timor
584 1345 625 1380 et
654 1335 871 1399 cupiditas
904 1354 1069 1393 servos,
1109 1353 1197 1382 non
1220 1335 1466 1395 evangelica
1496 1336 1670 1382 fides'et

289 1423 385 1470 spes
403 1416 444 1451 et
463 1404 652 1451 charitas
676 1404 850 1454 liberos.
884 1407 979 1452 Sub
1003 1407 1142 1466 gratia
1163 1423 1263 1453 vero
1287 1406 1442 1469 positi,
1471 1422 1580 1469 quos
1600 1406 1670 1451 vi-

287 1477 439 1525 vificat
458 1475 671 1538 SpirituS,
693 1493 740 1520 ex
759 1477 846 1522 fide
863 1478 942 1522 ista
959 1477 1128 1523 faciunt
1148 1513 1158 1533 ,
1181 1493 1280 1540 quae
1298 1493 1377 1539 per
1394 1476 1669 1522 dilectionem

291 1557 494 1612 operatur
519 1546 565 1591 in
591 1563 666 1610 spe
690 1546 907 1593 bonorum
927 1585 938 1602 ‚
967 1565 1054 1593 non
1073 1547 1315 1593 carnalium
1330 1584 1340 1601 ‚
1367 1547 1440 1592 sed
1459 1547 1669 1610 spiritua-

289 1618 398 1664 lium
415 1637 426 1671 ;
441 1634 531 1662 non
547 1627 834 1672 terrenorum,
857 1618 929 1663 sed
948 1617 1210 1670 coelestiun13
1231 1633 1318 1661 non
1338 1617 1665 1680 temporalium,

290 1688 364 1735 sed
384 1699 645 1735 aeternorum
664 1707 675 1740 ;
701 1687 927 1750 praecipue
952 1687 1172 1734 credentes
1195 1687 1240 1733 in
1261 1687 1540 1732 Mediatorem
1555 1723 1565 1742 ‚
1589 1698 1669 1750 per

290 1775 420 1823 quem
434 1757 517 1802 sibi
531 1773 618 1802 non
635 1756 859 1812 dubitant,
880 1768 922 1802 et
937 1758 1138 1820 spiritum
1157 1757 1306 1817 gratiae
1324 1756 1664 1812 subministrari,

291 1840 340 1876 ut
375 1830 484 1874 bene
516 1828 597 1873 ista
631 1826 796 1872 faciant
832 1838 873 1872 et
904 1829 1067 1887 ignosci
1096 1845 1220 1891 posse
1245 1845 1345 1874 cum
1377 1838 1575 1891 peccant.
1609 1828 1668 1873 Hi

288 1899 508 1964 pertinent
540 1896 595 1943 ad
633 1898 957 1942 Testamentum
991 1899 1163 1943 Novum
1182 1935 1193 1954 ,
1233 1898 1311 1943 filii
1336 1897 1632 1960 promissionis
1651 1935 1662 1950 ,

288 1969 526 2030 regenerati
544 1969 632 2013 Deo
656 1978 781 2030 patre
806 1978 846 2012 et
868 1967 1005 2013 libera
1024 1979 1173 2015 matre.
1206 1969 1350 2027 Hujus
1381 1967 1544 2027 generis
1567 1966 1667 2013 fue-

288 2051 393 2086 runt
410 2038 577 2101 antiqui
601 2054 748 2082 omnes
763 2037 898 2096 J'usti,
921 2049 960 2083 et
990 2038 1082 2116 ipse
1107 2039 1211 2083 Mox·
1216 2055 1278 2083 ses
1299 2037 1563 2083 Testamenti
1580 2037 1666 2083 mi-

287 2111 420 2157 nister
437 2110 473 2155 V
476 2109 614 2163 eteris,
633 2107 773 2152 haeres
797 2108 934 2153 Noxi:
925 2109 1053 2171 ‚quia
1074 2126 1120 2153 ex
1142 2108 1228 2153 fide
1248 2125 1335 2171 qua
1356 2125 1433 2153 nos
1447 2108 1660 2164 vivimus,

287 2196 374 2226 una
413 2180 648 2256 eademque
695 2178 922 2232 xixerunt,
978 2178 1347 2233 incarnationem,
1388 2181 1660 2241 passionem,

287 2249 732 2309 resurrectionemque
757 2247 886 2291 Chris
892 2215 922 2292 ti
949 2247 1170 2292 credentes
1187 2215 1407 2294 futurain
1403 2264 1562 2311 quam
1587 2265 1665 2293 nos

286 2320 501 2367 credimus
526 2317 683 2363 factam
715 2334 724 2361 ε
762 2334 896 2379 usqne
921 2317 975 2362 ad
1013 2318 1159 2380 ipsum
1195 2318 1664 2381 JoannemBaptistam

288 2391 411 2455 quasi
444 2388 678 2453 praeteritae
715 2387 1042 2450 dispensationis
1074 2388 1257 2433 limitem
1287 2388 1544 2451 quemdam,
1588 2388 1665 2451 qui

286 2460 574 2508 Mediatorem
593 2458 737 2520 ipsum
759 2474 846 2502 non
870 2457 1014 2521 aliqua
1039 2458 1198 2502 umbra
1216 2457 1380 2513 futuri,
1405 2457 1471 2502 vel
1496 2457 1662 2517 allego-

284 2532 376 2579 rica
405 2529 716 2589 significatione
734 2564 745 2584 ,
778 2527 847 2573 vel
883 2527 973 2573 ulla
1005 2528 1266 2590 prophetica
1295 2528 1662 2591 praenuntiatione

284 2611 518 2650 venturum
548 2615 637 2646 esse
672 2598 950 2659 significans;
987 2597 1060 2645 sed
1080 2598 1215 2659 digito
1247 2598 1548 2646 demonstrans
1566 2598 1658 2645 ait:

331 2688 343 2713 ¹
374 2687 475 2722 Exod.
495 2698 552 2724 xx.
