<?xml version="1.0" encoding="UTF-8"?>
<!DOCTYPE html PUBLIC "-//W3C//DTD XHTML 1.0 Transitional//EN"
    "http://www.w3.org/TR/xhtml1/DTD/xhtml1-transitional.dtd">
<html xmlns="http://www.w3.org/1999/xhtml" xml:lang="en" lang="en">
 <head>
  <title>
</title>
<meta http-equiv="Content-Type" content="text/html;charset=utf-8" />
  <meta name='ocr-system' content='tesseract 3.04.00' />
  <meta name='ocr-capabilities' content='ocr_page ocr_carea ocr_par ocr_line ocrx_word'/>
</head>
<body>
  <div class='ocr_page' id='page_1' title='image "./operaomniaaccura35auguuoft/operaomniaaccura35auguuoft_0458.png"; bbox 0 0 1843 3190; ppageno 0'>
   <div class='ocr_carea' id='block_1_1' title="bbox 327 253 1315 309">
    <p class='ocr_par' dir='ltr' id='par_1_1' title="bbox 327 253 1315 309">
     <span class='ocr_line' id='line_1_1' title="bbox 327 253 1315 309; baseline 0.001 -12"><span class='ocrx_word' id='word_1_1' title='bbox 327 253 420 309; x_wconf 72' lang='grc'>448</span> <span class='ocrx_word' id='word_1_2' title='bbox 751 269 785 297; x_wconf 88' lang='lat' dir='ltr'>s.</span> <span class='ocrx_word' id='word_1_3' title='bbox 832 267 1074 298; x_wconf 71' lang='lat' dir='ltr'>AuGus&#39;rlm</span> <span class='ocrx_word' id='word_1_4' title='bbox 1112 267 1315 298; x_wconf 77' lang='lat' dir='ltr'>EPISCOPI</span> 
     </span>
    </p>
   </div>
   <div class='ocr_carea' id='block_1_2' title="bbox 323 329 1710 2507">
    <p class='ocr_par' dir='ltr' id='par_1_2' title="bbox 323 329 1706 1151">
     <span class='ocr_line' id='line_1_2' title="bbox 327 329 1702 392; baseline 0.001 -15"><span class='ocrx_word' id='word_1_5' title='bbox 327 350 451 378; x_wconf 83' lang='lat' dir='ltr'>»mea</span> <span class='ocrx_word' id='word_1_6' title='bbox 475 332 669 378; x_wconf 84' lang='lat' dir='ltr'>bonum1</span> <span class='ocrx_word' id='word_1_7' title='bbox 697 351 707 377; x_wconf 70' lang='grc' dir='ltr'>ε</span> <span class='ocrx_word' id='word_1_8' title='bbox 728 354 747 374; x_wconf 87' lang='grc'>»</span> <span class='ocrx_word' id='word_1_9' title='bbox 769 343 810 378; x_wconf 90' lang='lat' dir='ltr'>et</span> <span class='ocrx_word' id='word_1_10' title='bbox 835 343 990 377; x_wconf 77' lang='lat' dir='ltr'>caetera</span> <span class='ocrx_word' id='word_1_11' title='bbox 1014 332 1284 392; x_wconf 87' lang='lat' dir='ltr'>hujusmodi.</span> <span class='ocrx_word' id='word_1_12' title='bbox 1312 329 1470 379; x_wconf 87' lang='lat' dir='ltr'>Verum</span> <span class='ocrx_word' id='word_1_13' title='bbox 1497 344 1542 379; x_wconf 91' lang='lat' dir='ltr'>tu</span> <span class='ocrx_word' id='word_1_14' title='bbox 1572 351 1702 382; x_wconf 86' lang='lat' dir='ltr'>aves-</span> 
     </span>
     <span class='ocr_line' id='line_1_3' title="bbox 326 401 1704 467; baseline 0.001 -19"><span class='ocrx_word' id='word_1_15' title='bbox 326 414 393 449; x_wconf 90' lang='lat' dir='ltr'>tro</span> <span class='ocrx_word' id='word_1_16' title='bbox 430 404 631 463; x_wconf 76' lang='lat' dir='ltr'>dogmate</span> <span class='ocrx_word' id='word_1_17' title='bbox 654 420 743 448; x_wconf 93' lang='lat' dir='ltr'>non</span> <span class='ocrx_word' id='word_1_18' title='bbox 768 401 932 448; x_wconf 86' lang='lat' dir='ltr'><strong>recedis</strong></span> <span class='ocrx_word' id='word_1_19' title='bbox 954 440 964 458; x_wconf 87' lang='lat'>‚</span> <span class='ocrx_word' id='word_1_20' title='bbox 1001 419 1088 465; x_wconf 89' lang='lat' dir='ltr'>quo</span> <span class='ocrx_word' id='word_1_21' title='bbox 1125 403 1287 464; x_wconf 84' lang='lat' dir='ltr'>putatis</span> <span class='ocrx_word' id='word_1_22' title='bbox 1311 403 1495 461; x_wconf 75' lang='lat' dir='ltr'>gratiam</span> <span class='ocrx_word' id='word_1_23' title='bbox 1523 405 1601 450; x_wconf 92' lang='lat' dir='ltr'>Dei</span> <span class='ocrx_word' id='word_1_24' title='bbox 1625 421 1704 467; x_wconf 86' lang='lat' dir='ltr'>per</span> 
     </span>
     <span class='ocr_line' id='line_1_4' title="bbox 326 473 1704 537; baseline 0 -18"><span class='ocrx_word' id='word_1_25' title='bbox 326 474 472 519; x_wconf 85' lang='lat' dir='ltr'>Jesum</span> <span class='ocrx_word' id='word_1_26' title='bbox 500 474 724 519; x_wconf 75' lang='lat' dir='ltr'>Christum</span> <span class='ocrx_word' id='word_1_27' title='bbox 752 473 991 519; x_wconf 89' lang='lat' dir='ltr'>Dominum</span> <span class='ocrx_word' id='word_1_28' title='bbox 1019 483 1216 518; x_wconf 88' lang='lat' dir='ltr'>nostrum</span> <span class='ocrx_word' id='word_1_29' title='bbox 1237 473 1296 518; x_wconf 90' lang='lat' dir='ltr'>sic</span> <span class='ocrx_word' id='word_1_30' title='bbox 1319 473 1364 517; x_wconf 90' lang='lat' dir='ltr'>in</span> <span class='ocrx_word' id='word_1_31' title='bbox 1391 473 1479 518; x_wconf 86' lang='lat' dir='ltr'>sola</span> <span class='ocrx_word' id='word_1_32' title='bbox 1503 485 1704 537; x_wconf 87' lang='lat' dir='ltr'>peccato-</span> 
     </span>
     <span class='ocr_line' id='line_1_5' title="bbox 323 542 1702 607; baseline 0.001 -19"><span class='ocrx_word' id='word_1_33' title='bbox 323 560 419 589; x_wconf 89' lang='lat' dir='ltr'>rum</span> <span class='ocrx_word' id='word_1_34' title='bbox 442 544 683 589; x_wconf 82' lang='lat' dir='ltr'>remissione</span> <span class='ocrx_word' id='word_1_35' title='bbox 703 543 859 589; x_wconf 87' lang='lat' dir='ltr'>versari</span> <span class='ocrx_word' id='word_1_36' title='bbox 878 580 889 599; x_wconf 83' lang='lat'>‚</span> <span class='ocrx_word' id='word_1_37' title='bbox 910 554 957 588; x_wconf 88' lang='lat' dir='ltr'>ut</span> <span class='ocrx_word' id='word_1_38' title='bbox 990 560 1077 588; x_wconf 92' lang='lat' dir='ltr'>non</span> <span class='ocrx_word' id='word_1_39' title='bbox 1103 542 1280 602; x_wconf 84' lang='lat' dir='ltr'>adjuvet</span> <span class='ocrx_word' id='word_1_40' title='bbox 1301 542 1358 588; x_wconf 85' lang='lat' dir='ltr'>ad</span> <span class='ocrx_word' id='word_1_41' title='bbox 1380 543 1557 590; x_wconf 81' lang='lat' dir='ltr'>vitanda</span> <span class='ocrx_word' id='word_1_42' title='bbox 1592 561 1702 607; x_wconf 87' lang='lat' dir='ltr'>pec-</span> 
     </span>
     <span class='ocr_line' id='line_1_6' title="bbox 325 611 1704 668; baseline 0 -9"><span class='ocrx_word' id='word_1_43' title='bbox 325 624 421 659; x_wconf 84' lang='lat' dir='ltr'>cata</span> <span class='ocrx_word' id='word_1_44' title='bbox 442 624 483 659; x_wconf 88' lang='lat' dir='ltr'>et</span> <span class='ocrx_word' id='word_1_45' title='bbox 500 613 711 659; x_wconf 85' lang='lat' dir='ltr'>desideria</span> <span class='ocrx_word' id='word_1_46' title='bbox 737 614 951 659; x_wconf 76' lang='lat' dir='ltr'>vincenda</span> <span class='ocrx_word' id='word_1_47' title='bbox 974 612 1180 668; x_wconf 81' lang='lat' dir='ltr'>carnalia,</span> <span class='ocrx_word' id='word_1_48' title='bbox 1205 611 1491 658; x_wconf 86' lang='lat' dir='ltr'>diffundendo</span> <span class='ocrx_word' id='word_1_49' title='bbox 1516 614 1704 659; x_wconf 84' lang='lat' dir='ltr'>charita-</span> 
     </span>
     <span class='ocr_line' id='line_1_7' title="bbox 326 684 1704 748; baseline 0.001 -19"><span class='ocrx_word' id='word_1_50' title='bbox 326 694 410 729; x_wconf 87' lang='lat' dir='ltr'>tem</span> <span class='ocrx_word' id='word_1_51' title='bbox 435 684 479 729; x_wconf 89' lang='lat' dir='ltr'>in</span> <span class='ocrx_word' id='word_1_52' title='bbox 507 684 719 730; x_wconf 75' lang='lat' dir='ltr'>cordibus</span> <span class='ocrx_word' id='word_1_53' title='bbox 750 685 907 730; x_wconf 87' lang='lat' dir='ltr'>nostris</span> <span class='ocrx_word' id='word_1_54' title='bbox 926 702 1004 748; x_wconf 87' lang='lat' dir='ltr'>per</span> <span class='ocrx_word' id='word_1_55' title='bbox 1028 684 1242 746; x_wconf 90' lang='lat' dir='ltr'>Spiritum</span> <span class='ocrx_word' id='word_1_56' title='bbox 1277 695 1473 730; x_wconf 86' lang='lat' dir='ltr'>sanctum</span> <span class='ocrx_word' id='word_1_57' title='bbox 1493 721 1504 739; x_wconf 85' lang='lat'>‚</span> <span class='ocrx_word' id='word_1_58' title='bbox 1545 685 1619 748; x_wconf 88' lang='lat' dir='ltr'>qui</span> <span class='ocrx_word' id='word_1_59' title='bbox 1650 685 1704 730; x_wconf 86' lang='lat' dir='ltr'>ab</span> 
     </span>
     <span class='ocr_line' id='line_1_8' title="bbox 326 753 1700 818; baseline 0 -19"><span class='ocrx_word' id='word_1_60' title='bbox 326 754 401 800; x_wconf 86' lang='lat' dir='ltr'>illo</span> <span class='ocrx_word' id='word_1_61' title='bbox 422 754 548 800; x_wconf 82' lang='lat' dir='ltr'>(latus</span> <span class='ocrx_word' id='word_1_62' title='bbox 573 765 634 800; x_wconf 83' lang='lat' dir='ltr'>est</span> <span class='ocrx_word' id='word_1_63' title='bbox 667 755 793 799; x_wconf 87' lang='lat' dir='ltr'>nobis</span> <span class='ocrx_word' id='word_1_64' title='bbox 809 756 841 801; x_wconf 72' lang='lat'>2.</span> <span class='ocrx_word' id='word_1_65' title='bbox 884 756 1035 818; x_wconf 74' lang='lat' dir='ltr'>Neque</span> <span class='ocrx_word' id='word_1_66' title='bbox 1056 753 1300 799; x_wconf 81' lang='lat' dir='ltr'>consideras</span> <span class='ocrx_word' id='word_1_67' title='bbox 1323 770 1421 799; x_wconf 91' lang='lat' dir='ltr'>eum</span> <span class='ocrx_word' id='word_1_68' title='bbox 1459 755 1535 816; x_wconf 89' lang='lat' dir='ltr'>qui</span> <span class='ocrx_word' id='word_1_69' title='bbox 1559 755 1666 800; x_wconf 91' lang='lat' dir='ltr'>dicit</span> <span class='ocrx_word' id='word_1_70' title='bbox 1689 791 1700 810; x_wconf 85' lang='lat'>‚</span> 
     </span>
     <span class='ocr_line' id='line_1_9' title="bbox 331 824 1706 887; baseline 0 -17"><span class='ocrx_word' id='word_1_71' title='bbox 331 825 504 871; x_wconf 75' lang='lat' dir='ltr'>«Video</span> <span class='ocrx_word' id='word_1_72' title='bbox 524 825 649 870; x_wconf 83' lang='lat' dir='ltr'>aliam</span> <span class='ocrx_word' id='word_1_73' title='bbox 674 825 806 884; x_wconf 79' lang='lat' dir='ltr'>legem</span> <span class='ocrx_word' id='word_1_74' title='bbox 831 825 876 870; x_wconf 90' lang='lat' dir='ltr'>in</span> <span class='ocrx_word' id='word_1_75' title='bbox 898 825 1106 870; x_wconf 84' lang='lat' dir='ltr'>membris</span> <span class='ocrx_word' id='word_1_76' title='bbox 1138 824 1242 869; x_wconf 89' lang='lat' dir='ltr'>meis</span> <span class='ocrx_word' id='word_1_77' title='bbox 1281 834 1594 887; x_wconf 83' lang='lat' dir='ltr'>repugnantem</span> <span class='ocrx_word' id='word_1_78' title='bbox 1623 824 1706 884; x_wconf 87' lang='lat' dir='ltr'>legi</span> 
     </span>
     <span class='ocr_line' id='line_1_10' title="bbox 326 893 1701 951; baseline -0.001 -11"><span class='ocrx_word' id='word_1_79' title='bbox 326 915 347 936; x_wconf 84' lang='lat'>»</span> <span class='ocrx_word' id='word_1_80' title='bbox 368 895 521 940; x_wconf 86' lang='lat' dir='ltr'>mentis</span> <span class='ocrx_word' id='word_1_81' title='bbox 538 894 671 940; x_wconf 68' lang='lat' dir='ltr'>meze3</span> <span class='ocrx_word' id='word_1_82' title='bbox 693 916 702 951; x_wconf 76' lang='lat'>5</span> <span class='ocrx_word' id='word_1_83' title='bbox 724 916 744 936; x_wconf 88' lang='lat'>»</span> <span class='ocrx_word' id='word_1_84' title='bbox 770 906 811 939; x_wconf 88' lang='lat' dir='ltr'>et</span> <span class='ocrx_word' id='word_1_85' title='bbox 838 895 995 940; x_wconf 77' lang='lat' dir='ltr'>abhoc</span> <span class='ocrx_word' id='word_1_86' title='bbox 1021 894 1135 939; x_wconf 87' lang='lat' dir='ltr'>malo</span> <span class='ocrx_word' id='word_1_87' title='bbox 1159 911 1246 939; x_wconf 92' lang='lat' dir='ltr'>non</span> <span class='ocrx_word' id='word_1_88' title='bbox 1271 909 1312 939; x_wconf 87' lang='lat' dir='ltr'>se</span> <span class='ocrx_word' id='word_1_89' title='bbox 1331 893 1506 939; x_wconf 85' lang='lat' dir='ltr'>liberari</span> <span class='ocrx_word' id='word_1_90' title='bbox 1524 893 1701 950; x_wconf 79' lang='lat' dir='ltr'>clamat,</span> 
     </span>
     <span class='ocr_line' id='line_1_11' title="bbox 329 964 1702 1027; baseline 0 -17"><span class='ocrx_word' id='word_1_91' title='bbox 329 964 411 1010; x_wconf 89' lang='lat' dir='ltr'>nisi</span> <span class='ocrx_word' id='word_1_92' title='bbox 436 964 573 1024; x_wconf 82' lang='lat' dir='ltr'>gratia</span> <span class='ocrx_word' id='word_1_93' title='bbox 599 965 679 1010; x_wconf 88' lang='lat' dir='ltr'>Dei</span> <span class='ocrx_word' id='word_1_94' title='bbox 702 983 775 1027; x_wconf 91' lang='lat' dir='ltr'>per</span> <span class='ocrx_word' id='word_1_95' title='bbox 797 965 946 1011; x_wconf 80' lang='lat' dir='ltr'>Jesum</span> <span class='ocrx_word' id='word_1_96' title='bbox 973 965 1201 1011; x_wconf 85' lang='lat' dir='ltr'>Christum</span> <span class='ocrx_word' id='word_1_97' title='bbox 1221 964 1458 1010; x_wconf 85' lang='lat' dir='ltr'>Dominum</span> <span class='ocrx_word' id='word_1_98' title='bbox 1484 976 1702 1018; x_wconf 81' lang='lat' dir='ltr'>nostrum3</span> 
     </span>
     <span class='ocr_line' id='line_1_12' title="bbox 327 1034 1706 1099; baseline 0 -19"><span class='ocrx_word' id='word_1_99' title='bbox 327 1052 408 1080; x_wconf 87' lang='lat' dir='ltr'>nee</span> <span class='ocrx_word' id='word_1_100' title='bbox 424 1034 628 1080; x_wconf 82' lang='lat' dir='ltr'>Judaeum</span> <span class='ocrx_word' id='word_1_101' title='bbox 650 1053 752 1092; x_wconf 86' lang='lat' dir='ltr'>esse,</span> <span class='ocrx_word' id='word_1_102' title='bbox 775 1052 852 1081; x_wconf 90' lang='lat' dir='ltr'>nec</span> <span class='ocrx_word' id='word_1_103' title='bbox 865 1036 968 1099; x_wconf 84' lang='lat' dir='ltr'>quia</span> <span class='ocrx_word' id='word_1_104' title='bbox 987 1036 1204 1099; x_wconf 82' lang='lat' dir='ltr'>peccavit,</span> <span class='ocrx_word' id='word_1_105' title='bbox 1223 1035 1297 1080; x_wconf 88' lang='lat' dir='ltr'>sed</span> <span class='ocrx_word' id='word_1_106' title='bbox 1320 1052 1373 1081; x_wconf 88' lang='lat' dir='ltr'>ne</span> <span class='ocrx_word' id='word_1_107' title='bbox 1391 1045 1542 1099; x_wconf 87' lang='lat' dir='ltr'>peccet</span> <span class='ocrx_word' id='word_1_108' title='bbox 1559 1035 1706 1099; x_wconf 89' lang='lat' dir='ltr'>potius</span> 
     </span>
     <span class='ocr_line' id='line_1_13' title="bbox 325 1103 538 1151; baseline 0 -1"><span class='ocrx_word' id='word_1_109' title='bbox 325 1103 538 1151; x_wconf 82' lang='lat' dir='ltr'>laborare.</span> 
     </span>
    </p>

    <p class='ocr_par' dir='ltr' id='par_1_3' title="bbox 325 1176 1710 2507">
     <span class='ocr_line' id='line_1_14' title="bbox 391 1176 1705 1240; baseline -0.002 -18"><span class='ocrx_word' id='word_1_110' title='bbox 391 1177 600 1222; x_wconf 79' lang='lat' dir='ltr'><strong>LXXIII.</strong></span> <span class='ocrx_word' id='word_1_111' title='bbox 625 1196 645 1216; x_wconf 88' lang='lat'>«</span> <span class='ocrx_word' id='word_1_112' title='bbox 666 1177 925 1236; x_wconf 82' lang='lat' dir='ltr'>Exaggerat‚</span> <span class='ocrx_word' id='word_1_113' title='bbox 949 1177 1119 1240; x_wconf 82' lang='lat' dir='ltr'>inquit,</span> <span class='ocrx_word' id='word_1_114' title='bbox 1157 1176 1391 1239; x_wconf 78' lang='lat' dir='ltr'>Apostolus</span> <span class='ocrx_word' id='word_1_115' title='bbox 1411 1176 1499 1221; x_wconf 87' lang='lat' dir='ltr'>vim</span> <span class='ocrx_word' id='word_1_116' title='bbox 1522 1192 1705 1222; x_wconf 87' lang='lat' dir='ltr'>consue-</span> 
     </span>
     <span class='ocr_line' id='line_1_15' title="bbox 327 1246 1706 1310; baseline -0.003 -16"><span class='ocrx_word' id='word_1_117' title='bbox 327 1247 504 1294; x_wconf 79' lang='lat' dir='ltr'>tudinis,</span> <span class='ocrx_word' id='word_1_118' title='bbox 546 1267 566 1286; x_wconf 82' lang='grc'>»</span> <span class='ocrx_word' id='word_1_119' title='bbox 591 1246 658 1291; x_wconf 85' lang='lat' dir='ltr'>Tu</span> <span class='ocrx_word' id='word_1_120' title='bbox 684 1263 785 1306; x_wconf 82' lang='lat' dir='ltr'>ergo</span> <span class='ocrx_word' id='word_1_121' title='bbox 818 1247 1057 1310; x_wconf 81' lang='lat' dir='ltr'>responde,</span> <span class='ocrx_word' id='word_1_122' title='bbox 1093 1257 1239 1292; x_wconf 88' lang='lat' dir='ltr'>utrum</span> <span class='ocrx_word' id='word_1_123' title='bbox 1277 1257 1428 1292; x_wconf 88' lang='lat' dir='ltr'>contra</span> <span class='ocrx_word' id='word_1_124' title='bbox 1456 1246 1580 1291; x_wconf 89' lang='lat' dir='ltr'>istam</span> <span class='ocrx_word' id='word_1_125' title='bbox 1616 1247 1706 1291; x_wconf 88' lang='lat' dir='ltr'>vim</span> 
     </span>
     <span class='ocr_line' id='line_1_16' title="bbox 325 1315 1703 1379; baseline -0.004 -15"><span class='ocrx_word' id='word_1_126' title='bbox 325 1336 414 1364; x_wconf 86' lang='lat' dir='ltr'>non</span> <span class='ocrx_word' id='word_1_127' title='bbox 437 1316 621 1362; x_wconf 81' lang='lat' dir='ltr'>dimicet</span> <span class='ocrx_word' id='word_1_128' title='bbox 646 1317 893 1379; x_wconf 82' lang='lat' dir='ltr'>baptizatus</span> <span class='ocrx_word' id='word_1_129' title='bbox 914 1320 932 1362; x_wconf 63' lang='lat' dir='ltr'>P</span> <span class='ocrx_word' id='word_1_130' title='bbox 960 1317 1093 1372; x_wconf 88' lang='lat' dir='ltr'>Quod</span> <span class='ocrx_word' id='word_1_131' title='bbox 1113 1317 1145 1362; x_wconf 91' lang='lat' dir='ltr'>si</span> <span class='ocrx_word' id='word_1_132' title='bbox 1173 1334 1316 1375; x_wconf 82' lang='lat' dir='ltr'>negas,</span> <span class='ocrx_word' id='word_1_133' title='bbox 1340 1316 1543 1361; x_wconf 87' lang='lat' dir='ltr'>omnibus</span> <span class='ocrx_word' id='word_1_134' title='bbox 1558 1315 1703 1360; x_wconf 88' lang='lat' dir='ltr'>chris-</span> 
     </span>
     <span class='ocr_line' id='line_1_17' title="bbox 325 1386 1706 1440; baseline -0.004 -5"><span class='ocrx_word' id='word_1_135' title='bbox 325 1388 453 1435; x_wconf 87' lang='lat' dir='ltr'>tianis</span> <span class='ocrx_word' id='word_1_136' title='bbox 486 1386 680 1431; x_wconf 85' lang='lat' dir='ltr'>sensibus</span> <span class='ocrx_word' id='word_1_137' title='bbox 718 1387 1017 1432; x_wconf 81' lang='lat' dir='ltr'>contradicis:</span> <span class='ocrx_word' id='word_1_138' title='bbox 1049 1387 1083 1431; x_wconf 92' lang='lat' dir='ltr'>si</span> <span class='ocrx_word' id='word_1_139' title='bbox 1119 1398 1260 1432; x_wconf 87' lang='lat' dir='ltr'>autem</span> <span class='ocrx_word' id='word_1_140' title='bbox 1286 1386 1491 1440; x_wconf 84' lang='lat' dir='ltr'>dimicat,</span> <span class='ocrx_word' id='word_1_141' title='bbox 1518 1402 1598 1430; x_wconf 91' lang='lat' dir='ltr'>cur</span> <span class='ocrx_word' id='word_1_142' title='bbox 1620 1401 1706 1429; x_wconf 90' lang='lat' dir='ltr'>non</span> 
     </span>
     <span class='ocr_line' id='line_1_18' title="bbox 326 1456 1710 1520; baseline -0.004 -14"><span class='ocrx_word' id='word_1_143' title='bbox 326 1461 372 1506; x_wconf 88' lang='lat' dir='ltr'>in</span> <span class='ocrx_word' id='word_1_144' title='bbox 391 1458 535 1505; x_wconf 81' lang='lat' dir='ltr'>verbis</span> <span class='ocrx_word' id='word_1_145' title='bbox 563 1457 761 1520; x_wconf 82' lang='lat' dir='ltr'>Apostoli</span> <span class='ocrx_word' id='word_1_146' title='bbox 792 1475 943 1503; x_wconf 80' lang='lat' dir='ltr'>vocem</span> <span class='ocrx_word' id='word_1_147' title='bbox 967 1458 1215 1503; x_wconf 86' lang='lat' dir='ltr'>dimicantis</span> <span class='ocrx_word' id='word_1_148' title='bbox 1252 1458 1511 1517; x_wconf 68' lang='lat' dir='ltr'>agnoscis?«</span> <span class='ocrx_word' id='word_1_149' title='bbox 1540 1457 1623 1501; x_wconf 91' lang='lat' dir='ltr'>Per</span> <span class='ocrx_word' id='word_1_150' title='bbox 1645 1456 1710 1501; x_wconf 89' lang='lat' dir='ltr'>le-</span> 
     </span>
     <span class='ocr_line' id='line_1_19' title="bbox 328 1528 1706 1592; baseline -0.004 -17"><span class='ocrx_word' id='word_1_151' title='bbox 328 1547 441 1591; x_wconf 71' lang='lat' dir='ltr'>gem,</span> <span class='ocrx_word' id='word_1_152' title='bbox 462 1528 624 1591; x_wconf 80' lang='lat' dir='ltr'>inquiS‚</span> <span class='ocrx_word' id='word_1_153' title='bbox 650 1528 810 1573; x_wconf 88' lang='lat' dir='ltr'>bonam</span> <span class='ocrx_word' id='word_1_154' title='bbox 832 1539 873 1573; x_wconf 88' lang='lat' dir='ltr'>et</span> <span class='ocrx_word' id='word_1_155' title='bbox 892 1528 1236 1592; x_wconf 80' lang='lat' dir='ltr'>permandatum</span> <span class='ocrx_word' id='word_1_156' title='bbox 1254 1539 1449 1574; x_wconf 83' lang='lat' dir='ltr'>sanctum</span> <span class='ocrx_word' id='word_1_157' title='bbox 1469 1543 1706 1590; x_wconf 89' lang='lat' dir='ltr'>pravorum</span> 
     </span>
     <span class='ocr_line' id='line_1_20' title="bbox 328 1596 1704 1661; baseline -0.004 -15"><span class='ocrx_word' id='word_1_158' title='bbox 328 1600 462 1646; x_wconf 86' lang='lat' dir='ltr'>animi</span> <span class='ocrx_word' id='word_1_159' title='bbox 483 1598 739 1644; x_wconf 81' lang='lat' dir='ltr'>ferocierant</span> <span class='ocrx_word' id='word_1_160' title='bbox 758 1618 768 1652; x_wconf 89' lang='grc'>;</span> <span class='ocrx_word' id='word_1_161' title='bbox 791 1599 998 1661; x_wconf 83' lang='lat' dir='ltr'>quoniam</span> <span class='ocrx_word' id='word_1_162' title='bbox 1017 1599 1108 1644; x_wconf 86' lang='lat' dir='ltr'>sine</span> <span class='ocrx_word' id='word_1_163' title='bbox 1128 1599 1351 1644; x_wconf 71' lang='lat' dir='ltr'>voluntate</span> <span class='ocrx_word' id='word_1_164' title='bbox 1380 1599 1560 1661; x_wconf 84' lang='lat' dir='ltr'>propria</span> <span class='ocrx_word' id='word_1_165' title='bbox 1583 1596 1704 1642; x_wconf 84' lang='lat' dir='ltr'>nulla</span> 
     </span>
     <span class='ocr_line' id='line_1_21' title="bbox 329 1666 1708 1732; baseline -0.004 -15"><span class='ocrx_word' id='word_1_166' title='bbox 329 1670 516 1717; x_wconf 85' lang='lat' dir='ltr'>eruditio</span> <span class='ocrx_word' id='word_1_167' title='bbox 548 1679 716 1732; x_wconf 83' lang='lat' dir='ltr'>poterat</span> <span class='ocrx_word' id='word_1_168' title='bbox 743 1669 953 1732; x_wconf 84' lang='lat' dir='ltr'>inspirare</span> <span class='ocrx_word' id='word_1_169' title='bbox 982 1670 1202 1716; x_wconf 84' lang='lat' dir='ltr'>virtutem.</span> <span class='ocrx_word' id='word_1_170' title='bbox 1236 1692 1255 1711; x_wconf 81' lang='lat'>›&gt;</span> <span class='ocrx_word' id='word_1_171' title='bbox 1290 1670 1330 1715; x_wconf 90' lang='lat' dir='ltr'>O</span> <span class='ocrx_word' id='word_1_172' title='bbox 1368 1679 1544 1714; x_wconf 88' lang='lat' dir='ltr'>acutum</span> <span class='ocrx_word' id='word_1_173' title='bbox 1583 1666 1708 1712; x_wconf 88' lang='lat' dir='ltr'>intel-</span> 
     </span>
     <span class='ocr_line' id='line_1_22' title="bbox 328 1739 1706 1803; baseline -0.004 -15"><span class='ocrx_word' id='word_1_174' title='bbox 328 1740 556 1788; x_wconf 83' lang='lat' dir='ltr'>lectorem!</span> <span class='ocrx_word' id='word_1_175' title='bbox 584 1740 622 1784; x_wconf 94' lang='lat' dir='ltr'>O</span> <span class='ocrx_word' id='word_1_176' title='bbox 650 1739 899 1785; x_wconf 73' lang='lat' dir='ltr'>divinorum</span> <span class='ocrx_word' id='word_1_177' title='bbox 937 1740 1210 1803; x_wconf 79' lang='lat' dir='ltr'>eloquiorum</span> <span class='ocrx_word' id='word_1_178' title='bbox 1241 1740 1457 1800; x_wconf 83' lang='lat' dir='ltr'>egregium</span> <span class='ocrx_word' id='word_1_179' title='bbox 1492 1748 1706 1783; x_wconf 80' lang='lat' dir='ltr'>tractato-</span> 
     </span>
     <span class='ocr_line' id='line_1_23' title="bbox 329 1807 1704 1872; baseline -0.004 -15"><span class='ocrx_word' id='word_1_180' title='bbox 329 1812 441 1857; x_wconf 79' lang='lat' dir='ltr'>rem!</span> <span class='ocrx_word' id='word_1_181' title='bbox 485 1809 604 1866; x_wconf 83' lang='lat' dir='ltr'>Quid</span> <span class='ocrx_word' id='word_1_182' title='bbox 641 1810 728 1868; x_wconf 83' lang='lat' dir='ltr'>agis</span> <span class='ocrx_word' id='word_1_183' title='bbox 759 1809 812 1855; x_wconf 88' lang='lat' dir='ltr'>de</span> <span class='ocrx_word' id='word_1_184' title='bbox 847 1810 989 1855; x_wconf 84' lang='lat' dir='ltr'>verbis</span> <span class='ocrx_word' id='word_1_185' title='bbox 1023 1810 1232 1866; x_wconf 86' lang='lat' dir='ltr'>dicentis,</span> <span class='ocrx_word' id='word_1_186' title='bbox 1273 1832 1291 1851; x_wconf 77' lang='lat' dir='ltr'>(t</span> <span class='ocrx_word' id='word_1_187' title='bbox 1314 1811 1411 1855; x_wconf 89' lang='lat' dir='ltr'>Non</span> <span class='ocrx_word' id='word_1_188' title='bbox 1445 1808 1564 1872; x_wconf 90' lang='lat' dir='ltr'>quod</span> <span class='ocrx_word' id='word_1_189' title='bbox 1604 1807 1704 1853; x_wconf 75' lang='lat' dir='ltr'>volo</span> 
     </span>
     <span class='ocr_line' id='line_1_24' title="bbox 331 1878 1706 1942; baseline -0.001 -18"><span class='ocrx_word' id='word_1_190' title='bbox 331 1905 352 1924; x_wconf 85' lang='lat'>»</span> <span class='ocrx_word' id='word_1_191' title='bbox 370 1899 448 1942; x_wconf 80' lang='lat' dir='ltr'>ago</span> <span class='ocrx_word' id='word_1_192' title='bbox 470 1899 480 1926; x_wconf 87' lang='lat'>:</span> <span class='ocrx_word' id='word_1_193' title='bbox 504 1903 521 1921; x_wconf 76' lang='lat' dir='ltr'>n</span> <span class='ocrx_word' id='word_1_194' title='bbox 542 1891 584 1925; x_wconf 89' lang='lat' dir='ltr'>et</span> <span class='ocrx_word' id='word_1_195' title='bbox 602 1917 611 1933; x_wconf 75' lang='grc'><em>,</em></span> <span class='ocrx_word' id='word_1_196' title='bbox 637 1879 792 1925; x_wconf 80' lang='lat' dir='ltr'>«Velle</span> <span class='ocrx_word' id='word_1_197' title='bbox 820 1880 989 1939; x_wconf 75' lang='lat' dir='ltr'>adjacet</span> <span class='ocrx_word' id='word_1_198' title='bbox 1017 1880 1125 1925; x_wconf 86' lang='lat' dir='ltr'>mihi</span> <span class='ocrx_word' id='word_1_199' title='bbox 1148 1898 1158 1925; x_wconf 90' lang='lat'>:</span> <span class='ocrx_word' id='word_1_200' title='bbox 1184 1902 1204 1921; x_wconf 83' lang='lat'>›&gt;</span> <span class='ocrx_word' id='word_1_201' title='bbox 1229 1891 1293 1935; x_wconf 84' lang='lat' dir='ltr'>et,</span> <span class='ocrx_word' id='word_1_202' title='bbox 1318 1879 1487 1936; x_wconf 86' lang='lat' dir='ltr'>«Quod</span> <span class='ocrx_word' id='word_1_203' title='bbox 1506 1878 1606 1924; x_wconf 87' lang='lat' dir='ltr'>nolo</span> <span class='ocrx_word' id='word_1_204' title='bbox 1620 1878 1706 1923; x_wconf 84' lang='lat' dir='ltr'>hoc</span> 
     </span>
     <span class='ocr_line' id='line_1_25' title="bbox 331 1949 1706 2012; baseline -0.001 -18"><span class='ocrx_word' id='word_1_205' title='bbox 331 1974 352 1994; x_wconf 81' lang='grc'>»</span> <span class='ocrx_word' id='word_1_206' title='bbox 373 1969 451 2012; x_wconf 80' lang='lat' dir='ltr'>ago</span> <span class='ocrx_word' id='word_1_207' title='bbox 470 1970 480 1996; x_wconf 74' lang='lat' dir='ltr'>t</span> <span class='ocrx_word' id='word_1_208' title='bbox 500 1973 518 1992; x_wconf 85' lang='lat'>›&gt;</span> <span class='ocrx_word' id='word_1_209' title='bbox 538 1962 600 2007; x_wconf 84' lang='lat' dir='ltr'>et,</span> <span class='ocrx_word' id='word_1_210' title='bbox 638 1972 657 1991; x_wconf 89' lang='lat'>«</span> <span class='ocrx_word' id='word_1_211' title='bbox 678 1950 967 1996; x_wconf 77' lang='lat' dir='ltr'>Condelector</span> <span class='ocrx_word' id='word_1_212' title='bbox 989 1950 1070 2010; x_wconf 75' lang='lat' dir='ltr'>legi</span> <span class='ocrx_word' id='word_1_213' title='bbox 1097 1951 1173 1995; x_wconf 89' lang='lat' dir='ltr'>Dei</span> <span class='ocrx_word' id='word_1_214' title='bbox 1196 1950 1434 1996; x_wconf 88' lang='lat' dir='ltr'>secundum</span> <span class='ocrx_word' id='word_1_215' title='bbox 1460 1949 1706 1995; x_wconf 86' lang='lat' dir='ltr'>interiorem</span> 
     </span>
     <span class='ocr_line' id='line_1_26' title="bbox 332 2018 1703 2084; baseline -0.001 -19"><span class='ocrx_word' id='word_1_216' title='bbox 332 2046 354 2065; x_wconf 79' lang='lat'>›&gt;</span> <span class='ocrx_word' id='word_1_217' title='bbox 378 2023 601 2068; x_wconf 88' lang='lat' dir='ltr'>hominem</span> <span class='ocrx_word' id='word_1_218' title='bbox 614 2020 632 2053; x_wconf 76' lang='lat'>4</span> <span class='ocrx_word' id='word_1_219' title='bbox 645 2024 662 2066; x_wconf 77' lang='grc' dir='ltr'>ἱ)</span> <span class='ocrx_word' id='word_1_220' title='bbox 676 2044 695 2062; x_wconf 86' lang='lat'>»</span> <span class='ocrx_word' id='word_1_221' title='bbox 718 2021 852 2066; x_wconf 80' lang='lat' dir='ltr'>Audis</span> <span class='ocrx_word' id='word_1_222' title='bbox 874 2021 990 2076; x_wconf 81' lang='lat' dir='ltr'>haec,</span> <span class='ocrx_word' id='word_1_223' title='bbox 1008 2032 1048 2065; x_wconf 91' lang='lat' dir='ltr'>et</span> <span class='ocrx_word' id='word_1_224' title='bbox 1066 2022 1191 2076; x_wconf 80' lang='lat' dir='ltr'>dicis,</span> <span class='ocrx_word' id='word_1_225' title='bbox 1208 2022 1311 2084; x_wconf 85' lang='lat' dir='ltr'>quia</span> <span class='ocrx_word' id='word_1_226' title='bbox 1329 2021 1529 2066; x_wconf 83' lang='lat' dir='ltr'>voluntas</span> <span class='ocrx_word' id='word_1_227' title='bbox 1546 2018 1703 2075; x_wconf 87' lang='lat' dir='ltr'>defuit,</span> 
     </span>
     <span class='ocr_line' id='line_1_27' title="bbox 330 2090 1702 2154; baseline -0.004 -15"><span class='ocrx_word' id='word_1_228' title='bbox 330 2092 428 2139; x_wconf 88' lang='lat' dir='ltr'>ideo</span> <span class='ocrx_word' id='word_1_229' title='bbox 453 2090 633 2136; x_wconf 79' lang='lat' dir='ltr'>defuisse</span> <span class='ocrx_word' id='word_1_230' title='bbox 662 2090 880 2137; x_wconf 74' lang='lat' dir='ltr'>virtutem.</span> <span class='ocrx_word' id='word_1_231' title='bbox 908 2090 1026 2147; x_wconf 87' lang='lat' dir='ltr'>Quid</span> <span class='ocrx_word' id='word_1_232' title='bbox 1050 2090 1169 2154; x_wconf 91' lang='lat' dir='ltr'>quod</span> <span class='ocrx_word' id='word_1_233' title='bbox 1193 2108 1281 2137; x_wconf 90' lang='lat' dir='ltr'>non</span> <span class='ocrx_word' id='word_1_234' title='bbox 1304 2091 1443 2136; x_wconf 84' lang='lat' dir='ltr'>solum</span> <span class='ocrx_word' id='word_1_235' title='bbox 1472 2090 1670 2136; x_wconf 77' lang='lat' dir='ltr'>voluntas</span> <span class='ocrx_word' id='word_1_236' title='bbox 1691 2125 1702 2144; x_wconf 86' lang='lat'><strong><em>‚</em></strong></span> 
     </span>
     <span class='ocr_line' id='line_1_28' title="bbox 335 2161 1706 2224; baseline -0.004 -14"><span class='ocrx_word' id='word_1_237' title='bbox 335 2162 615 2211; x_wconf 74' lang='lat' dir='ltr'>verumetiam</span> <span class='ocrx_word' id='word_1_238' title='bbox 636 2161 772 2206; x_wconf 75' lang='lat' dir='ltr'>virtus</span> <span class='ocrx_word' id='word_1_239' title='bbox 800 2161 964 2216; x_wconf 83' lang='lat' dir='ltr'>adfuit,</span> <span class='ocrx_word' id='word_1_240' title='bbox 989 2180 1041 2207; x_wconf 89' lang='lat' dir='ltr'>ne</span> <span class='ocrx_word' id='word_1_241' title='bbox 1063 2162 1322 2207; x_wconf 79' lang='lat' dir='ltr'>consentiret</span> <span class='ocrx_word' id='word_1_242' title='bbox 1342 2161 1706 2224; x_wconf 69' lang='lat' dir='ltr'>concupiscentiae</span> 
     </span>
     <span class='ocr_line' id='line_1_29' title="bbox 335 2231 1704 2296; baseline -0.003 -16"><span class='ocrx_word' id='word_1_243' title='bbox 335 2233 494 2286; x_wconf 65' lang='lat' dir='ltr'>carnis,</span> <span class='ocrx_word' id='word_1_244' title='bbox 513 2249 613 2295; x_wconf 76' lang='lat' dir='ltr'>quae</span> <span class='ocrx_word' id='word_1_245' title='bbox 647 2231 729 2291; x_wconf 84' lang='lat' dir='ltr'>legi</span> <span class='ocrx_word' id='word_1_246' title='bbox 754 2233 924 2294; x_wconf 83' lang='lat' dir='ltr'>peccati</span> <span class='ocrx_word' id='word_1_247' title='bbox 944 2233 1088 2295; x_wconf 72' lang='lat' dir='ltr'>pravis</span> <span class='ocrx_word' id='word_1_248' title='bbox 1112 2233 1214 2296; x_wconf 80' lang='lat' dir='ltr'>ipsis</span> <span class='ocrx_word' id='word_1_249' title='bbox 1246 2233 1434 2278; x_wconf 88' lang='lat' dir='ltr'>motibus</span> <span class='ocrx_word' id='word_1_250' title='bbox 1462 2231 1704 2277; x_wconf 69' lang='lat' dir='ltr'>serviebat?</span> 
     </span>
     <span class='ocr_line' id='line_1_30' title="bbox 336 2301 1707 2366; baseline -0.004 -17"><span class='ocrx_word' id='word_1_251' title='bbox 336 2305 510 2361; x_wconf 84' lang='lat' dir='ltr'>Quibus</span> <span class='ocrx_word' id='word_1_252' title='bbox 543 2302 614 2348; x_wconf 89' lang='lat' dir='ltr'>ille</span> <span class='ocrx_word' id='word_1_253' title='bbox 638 2320 724 2347; x_wconf 91' lang='lat' dir='ltr'>non</span> <span class='ocrx_word' id='word_1_254' title='bbox 749 2303 903 2348; x_wconf 86' lang='lat' dir='ltr'>cedens</span> <span class='ocrx_word' id='word_1_255' title='bbox 929 2341 939 2359; x_wconf 84' lang='lat'>‚</span> <span class='ocrx_word' id='word_1_256' title='bbox 973 2320 1052 2348; x_wconf 86' lang='lat' dir='ltr'>nec</span> <span class='ocrx_word' id='word_1_257' title='bbox 1092 2321 1207 2349; x_wconf 82' lang='lat' dir='ltr'>arma</span> <span class='ocrx_word' id='word_1_258' title='bbox 1233 2304 1471 2366; x_wconf 81' lang='lat' dir='ltr'>iniquitatis</span> <span class='ocrx_word' id='word_1_259' title='bbox 1502 2301 1707 2347; x_wconf 78' lang='lat' dir='ltr'>exhibens</span> 
     </span>
     <span class='ocr_line' id='line_1_31' title="bbox 332 2373 1705 2436; baseline -0.004 -16"><span class='ocrx_word' id='word_1_260' title='bbox 332 2374 528 2420; x_wconf 83' lang='lat' dir='ltr'>membra</span> <span class='ocrx_word' id='word_1_261' title='bbox 549 2384 747 2435; x_wconf 72' lang='lat' dir='ltr'>peccato,</span> <span class='ocrx_word' id='word_1_262' title='bbox 769 2384 810 2418; x_wconf 90' lang='lat' dir='ltr'>et</span> <span class='ocrx_word' id='word_1_263' title='bbox 832 2384 975 2418; x_wconf 81' lang='lat' dir='ltr'>tamen</span> <span class='ocrx_word' id='word_1_264' title='bbox 1001 2373 1119 2436; x_wconf 92' lang='lat' dir='ltr'>quod</span> <span class='ocrx_word' id='word_1_265' title='bbox 1145 2373 1277 2419; x_wconf 90' lang='lat' dir='ltr'>nollet</span> <span class='ocrx_word' id='word_1_266' title='bbox 1299 2373 1481 2418; x_wconf 86' lang='lat' dir='ltr'>sentiens</span> <span class='ocrx_word' id='word_1_267' title='bbox 1504 2373 1548 2416; x_wconf 90' lang='lat' dir='ltr'>in</span> <span class='ocrx_word' id='word_1_268' title='bbox 1578 2388 1705 2416; x_wconf 86' lang='lat' dir='ltr'>carne</span> 
     </span>
     <span class='ocr_line' id='line_1_32' title="bbox 329 2441 1706 2507; baseline -0.004 -15"><span class='ocrx_word' id='word_1_269' title='bbox 329 2456 480 2492; x_wconf 82' lang='lat' dir='ltr'>contra</span> <span class='ocrx_word' id='word_1_270' title='bbox 503 2443 702 2506; x_wconf 86' lang='lat' dir='ltr'>spiritum</span> <span class='ocrx_word' id='word_1_271' title='bbox 737 2444 1099 2507; x_wconf 84' lang='lat' dir='ltr'>concupiscente5</span> <span class='ocrx_word' id='word_1_272' title='bbox 1121 2481 1132 2500; x_wconf 83' lang='lat'>‚</span> <span class='ocrx_word' id='word_1_273' title='bbox 1160 2455 1202 2489; x_wconf 87' lang='lat' dir='ltr'>et</span> <span class='ocrx_word' id='word_1_274' title='bbox 1239 2444 1441 2489; x_wconf 69' lang='lat' dir='ltr'>adversus</span> <span class='ocrx_word' id='word_1_275' title='bbox 1465 2459 1557 2487; x_wconf 82' lang='lat' dir='ltr'>eam</span> <span class='ocrx_word' id='word_1_276' title='bbox 1581 2441 1706 2488; x_wconf 87' lang='lat' dir='ltr'>vicis-</span> 
     </span>
    </p>
   </div>
   <div class='ocr_carea' id='block_1_3' title="bbox 329 2541 1706 2640">
    <p class='ocr_par' dir='ltr' id='par_1_4' title="bbox 329 2541 1706 2640">
     <span class='ocr_line' id='line_1_33' title="bbox 374 2541 1706 2583; baseline -0.003 -8"><span class='ocrx_word' id='word_1_277' title='bbox 374 2546 385 2566; x_wconf 88' lang='lat'>¹</span> <span class='ocrx_word' id='word_1_278' title='bbox 404 2543 508 2575; x_wconf 78' lang='lat' dir='ltr'>Galat.</span> <span class='ocrx_word' id='word_1_279' title='bbox 526 2553 553 2578; x_wconf 83' lang='lat' dir='ltr'>v,</span> <span class='ocrx_word' id='word_1_280' title='bbox 574 2554 626 2581; x_wconf 79' lang='lat'>¹7.</span> <span class='ocrx_word' id='word_1_281' title='bbox 644 2561 688 2567; x_wconf 92' lang='lat'><strong>—</strong></span> <span class='ocrx_word' id='word_1_282' title='bbox 705 2541 826 2578; x_wconf 72' lang='lat' dir='ltr'>2Rom.</span> <span class='ocrx_word' id='word_1_283' title='bbox 847 2555 876 2583; x_wconf 86' lang='lat' dir='ltr'>v,</span> <span class='ocrx_word' id='word_1_284' title='bbox 897 2545 931 2577; x_wconf 88' lang='lat'>5.</span> <span class='ocrx_word' id='word_1_285' title='bbox 950 2562 993 2568; x_wconf 93' lang='lat'>—-</span> <span class='ocrx_word' id='word_1_286' title='bbox 1008 2541 1161 2582; x_wconf 78' lang='lat' dir='ltr'>31d.v11,</span> <span class='ocrx_word' id='word_1_287' title='bbox 1185 2545 1241 2577; x_wconf 84' lang='lat'>23.</span> <span class='ocrx_word' id='word_1_288' title='bbox 1257 2561 1300 2567; x_wconf 95' lang='lat'><strong>—</strong></span> <span class='ocrx_word' id='word_1_289' title='bbox 1320 2541 1334 2566; x_wconf 76' lang='lat'>⁴</span> <span class='ocrx_word' id='word_1_290' title='bbox 1354 2542 1403 2577; x_wconf 81' lang='lat' dir='ltr'>Id.</span> <span class='ocrx_word' id='word_1_291' title='bbox 1423 2553 1490 2581; x_wconf 66' lang='lat' dir='ltr'>mx,</span> <span class='ocrx_word' id='word_1_292' title='bbox 1509 2542 1562 2580; x_wconf 86' lang='lat'>18,</span> <span class='ocrx_word' id='word_1_293' title='bbox 1582 2547 1612 2572; x_wconf 87' lang='lat' dir='ltr'>et</span> <span class='ocrx_word' id='word_1_294' title='bbox 1636 2552 1706 2579; x_wconf 60' lang='grc' dir='ltr'>ΧΠ,</span> 
     </span>
     <span class='ocr_line' id='line_1_34' title="bbox 329 2597 684 2640; baseline -0.008 -8"><span class='ocrx_word' id='word_1_295' title='bbox 329 2611 386 2633; x_wconf 80' lang='lat'>22.</span> <span class='ocrx_word' id='word_1_296' title='bbox 407 2618 448 2624; x_wconf 93' lang='lat'>—-</span> <span class='ocrx_word' id='word_1_297' title='bbox 466 2597 605 2640; x_wconf 72' lang='lat' dir='ltr'>5ld.v1‚</span> <span class='ocrx_word' id='word_1_298' title='bbox 633 2599 684 2630; x_wconf 69' lang='lat'>13.</span> 
     </span>
    </p>
   </div>
  </div>
 </body>
</html>
