1843 3190
359 265 453 314 338
779 280 815 309 s.
857 276 1102 309 Aucus-nm
1135 277 1341 310 Eriscorl

355 349 385 395 J
388 346 565 394 eremias
574 361 678 392 cum
698 343 1023 406 Prophetarum
1044 343 1181 389 choro
1206 352 1247 388 et
1265 352 1514 388 sanctorum
1535 342 1732 389 omnium

357 417 630 472 exclamaret,
645 435 666 456 ε(
684 414 794 471 Quis
813 413 940 459 dabit
966 413 1100 477 capiti
1118 430 1212 459 meo
1231 430 1405 477 aquam,
1424 423 1467 459 et
1480 413 1616 459 oculis
1628 413 1733 460 meis

360 487 556 535 »fontem
567 487 880 548 lacrymarum,
897 494 947 529 ut
974 483 1215 547 insipientis
1224 483 1381 548 populi
1401 494 1579 547 peccata
1598 483 1732 529 defle·-

358 569 456 604 »ret
473 557 523 604 1?
540 579 561 600 »
584 557 688 620 quia
706 555 898 601 Ecclesia
924 554 1090 600 Christi
1115 554 1311 600 doctores
1333 554 1555 614 Pelagiani
1577 553 1731 600 erroris

356 628 543 693 expellit.
577 627 622 672 Si
639 626 740 672 flere
759 625 990 671 salubriter
1019 624 1163 681 velles,
1194 625 1282 671 hoc
1304 625 1426 671 fleres
1450 624 1568 688 quod
1593 624 1668 670 illo
1688 640 1730 669 es

351 700 602 763 implicatus
619 714 779 753 errore,
800 697 945 760 eisque
963 707 1003 742 te
1021 696 1224 759 lacrymis
1243 697 1299 742 ab
1320 695 1468 747 eadem
1484 712 1595 741 nova
1612 705 1731 758 peste

350 770 550 817 dilueres.
585 772 654 813 An
673 769 861 827 ignoras,
887 767 953 812 vel
975 766 1138 812 oblitus
1165 784 1232 822 es,
1262 766 1331 811 vel
1360 765 1631 811 considerare
1649 765 1728 810 de-

351 850 508 885 trectas
541 837 780 884 Ecclesiam
805 846 1000 880 sanctam
1017 872 1029 892 ,
1068 852 1198 880 unam
1216 872 1226 891 ,
1273 834 1531 880 catholicam
1552 871 1563 891 ,
1599 835 1725 881 etiam

348 909 541 975 paradisi
566 907 852 968 significatam
889 905 1019 951 fuisse
1042 905 1295 951 vocabulo?
1330 904 1450 962 Quid
1474 921 1573 965 ergo
1598 907 1727 951 mira-

347 980 474 1036 mini,
502 978 536 1024 si
559 978 614 1023 de
636 977 717 1022 isto
739 975 943 1040 paradiso
965 976 1080 1021 foras
1102 976 1343 1031 mittimini,
1369 975 1447 1039 qui
1467 975 1603 1035 legem
1626 992 1726 1038 quae

345 1061 408 1096 est
431 1050 477 1095 in
507 1048 712 1094 membris
737 1046 893 1091 nostris
926 1062 1172 1109 repugnans
1208 1046 1291 1105 legi
1325 1047 1482 1091 mentis
1513 1046 1559 1090 in
1598 1045 1724 1091 illum

345 1120 598 1185 paradisum
616 1117 747 1165 vultis
769 1116 1006 1162 inducere2
1029 1117 1083 1162 de
1108 1133 1196 1179 quo
1216 1115 1329 1163 foras
1351 1135 1374 1162 a
1399 1116 1588 1162 Domino
1608 1117 1725 1162 missi

344 1207 511 1255 sumus,
531 1206 611 1235 nec
640 1187 693 1233 ad
713 1204 811 1232 eum
842 1186 980 1232 redire
1012 1187 1285 1250 poterimus,
1324 1187 1405 1232 nisi
1427 1187 1545 1233 hanc
1578 1187 1623 1233 in
1641 1186 1723 1233 isto

342 1260 545 1325 paradiso
560 1257 818 1305 vicerimus?
835 1256 879 1301 Si
893 1256 1006 1302 enim
1020 1274 1108 1302 non
1122 1257 1203 1302 ista
1223 1256 1576 1320 concupiscentia
1589 1273 1722 1320 quam

341 1330 537 1377 defendis
557 1337 771 1392 repugnat
788 1327 869 1386 legi
892 1327 1066 1383 mentis,
1096 1327 1269 1373 nullum
1291 1328 1491 1373 adversus
1511 1345 1605 1373 eam
1625 1345 1722 1374 cer-

341 1413 487 1449 tamen
504 1400 734 1464 quisquam
759 1407 931 1443 sanctus
955 1408 1135 1444 exercet.
1166 1399 1235 1444 Tu
1256 1409 1397 1444 autem
1423 1399 1638 1444 confessus
1658 1416 1717 1455 eS,

341 1472 544 1519 adversus
567 1471 693 1515 istam
712 1485 845 1532 quam
866 1468 998 1513 tueris
1024 1485 1034 1513 ε
1062 1488 1084 1509 ‹<
1103 1469 1308 1515 Exercere
1343 1480 1511 1515 sanctos
1535 1469 1720 1529 gloriosa

336 1542 587 1589 certamina.
625 1540 727 1602 Ipsa
761 1547 823 1583 est
845 1537 978 1598 igitur
1011 1554 1112 1601 quae
1145 1549 1364 1603 repugnat
1392 1539 1476 1599 legi
1496 1540 1651 1585 mentis
1674 1539 1719 1584 in

335 1629 519 1676 corpore
553 1609 706 1656 mortis
730 1609 864 1668 hujus
882 1645 893 1662 ‚
928 1608 981 1653 de
1009 1625 1096 1673 qua
1128 1626 1171 1655 se
1207 1611 1343 1670 gratia
1368 1609 1448 1655 Dei
1470 1627 1549 1673 per
1568 1610 1718 1656 Jesum

338 1683 566 1728 Christum
581 1679 820 1725 Dominum
835 1688 1032 1724 nostrum
1050 1678 1225 1725 liberari
1239 1679 1413 1725 dicebat
1433 1680 1710 1743 Apostolus&

337 1753 551 1799 Sentis-ne
572 1754 663 1811 jam
682 1749 877 1805 tandem,
902 1749 1051 1809 gratiae
1082 1750 1214 1811 hujus
1247 1750 1414 1797 inimici
1440 1761 1608 1814 quanto
1628 1751 1715 1796 sint

334 1823 454 1870 fonte
471 1823 765 1884 lacrymarum
783 1819 1038 1883 plangendi,
1060 1831 1102 1866 et
1120 1839 1174 1867 ne
1197 1821 1299 1867 alios
1319 1820 1372 1866 ad
1393 1821 1617 1867 interitum
1641 1838 1711 1866 se-

337 1911 439 1941 cum
449 1892 640 1949 trahant,
652 1899 815 1955 quanta
827 1890 1054 1954 pastoralis
1068 1908 1185 1938 curae
1199 1891 1498 1938 observatione
1509 1891 1679 1939 vitandi
1690 1893 1709 1937 Ρ

337 1963 423 2010 Vos
439 1963 556 2009 enim
578 1961 740 2021 augetis
771 1961 852 2006 ista
874 1960 1066 2008 novitate
1095 1979 1189 2007 eam
1219 1979 1319 2025 quae
1351 1962 1393 2007 in
1420 1963 1624 2008 omnibus
1649 1972 1710 2008 est

332 2032 567 2079 haereticis.
596 2030 771 2077 occidui
812 2031 1020 2093 temporis
1048 2032 1324 2095 pravitatem.
1352 2031 1437 2078 Vos
1467 2033 1563 2078 estis
1585 2032 1711 2078 ruina

334 2120 526 2158 morum,
550 2101 661 2165 »qui
682 2100 816 2164 ipsius
844 2101 945 2147 fidei
979 2118 1112 2165 supra
1150 2119 1283 2165 quam
1305 2118 1444 2147 mores
1461 2101 1711 2148 aedificandi

334 2185 452 2228 sunt,
479 2172 694 2218 molimini
706 2171 988 2218 fundamenta
1011 2173 1273 2219 subvertere.
1302 2193 1323 2214 α
1343 2172 1430 2219 Vos
1446 2173 1628 2236 pudoris
1645 2173 1710 2218 in-

332 2245 503 2299 teritus,
522 2265 541 2285 n
561 2260 671 2306 quos
684 2242 863 2288 laudare
887 2261 975 2288 non
1001 2243 1154 2306 pudet,
1180 2254 1331 2289 contra
1344 2243 1464 2307 quod
1483 2255 1652 2307 pugnat
1669 2254 1711 2288 et

309 2335 311 2339 ·
332 2315 491 2378 pudor.
517 2315 612 2359 Hoc
632 2313 780 2376 potius
807 2314 954 2359 audire
980 2314 1110 2359 debet
1139 2314 1331 2360 Ecclesia
1346 2351 1357 2370 ,
1379 2331 1478 2377 quae
1501 2315 1622 2373 virgo
1637 2313 1710 2359 di-

333 2387 464 2440 citur,
494 2394 542 2429 ut
562 2400 637 2429 vos
657 2394 805 2428 caveat
825 2404 836 2437 3
865 2384 951 2429 hoc
983 2395 1209 2440 matronae,
1236 2385 1324 2429 hoc
1346 2384 1531 2444 virgines
1554 2401 1704 2441 sacrae,

333 2455 420 2501 hoc
447 2453 585 2499 omnis
610 2452 824 2516 pudicitia
850 2454 1100 2499 christiana.
1119 2456 1216 2500 Non
1235 2454 1366 2514 enim,
1388 2455 1499 2500 sicut
1522 2455 1707 2500 insimu-

328 2526 390 2571 las
411 2562 421 2581 ‚
445 2546 466 2565 «
493 2524 607 2569 Cum
632 2523 892 2568 Maniehaeis
916 2524 1088 2580 dicunt,
1109 2525 1241 2570 inesse
1265 2524 1386 2570 carni
1402 2542 1491 2571 suae
1508 2524 1610 2570 mali
1628 2542 1706 2571 ne-

377 2609 387 2631 ¹
406 2610 526 2639 Jerem.
548 2616 594 2643 1x‚
619 2616 648 2638 1.
670 2623 713 2629 —-
730 2603 746 2625 2
760 2608 856 2638 Rom.
880 2617 941 2649 vu,
965 2608 1019 2639 23,
1039 2624 1084 2630 —
1101 2604 1115 2629 3
1132 2606 1216 2638 Ibid.
1235 2613 1264 2638 et
1284 2618 1373 2650 seqq.
