<?xml version="1.0" encoding="UTF-8"?>
<!DOCTYPE html PUBLIC "-//W3C//DTD XHTML 1.0 Transitional//EN"
    "http://www.w3.org/TR/xhtml1/DTD/xhtml1-transitional.dtd">
<html xmlns="http://www.w3.org/1999/xhtml" xml:lang="en" lang="en">
 <head>
  <title>
</title>
<meta http-equiv="Content-Type" content="text/html;charset=utf-8" />
  <meta name='ocr-system' content='tesseract 3.04.00' />
  <meta name='ocr-capabilities' content='ocr_page ocr_carea ocr_par ocr_line ocrx_word'/>
</head>
<body>
  <div class='ocr_page' id='page_1' title='image "./operaomniaaccura35auguuoft/operaomniaaccura35auguuoft_0306.png"; bbox 0 0 1843 3190; ppageno 0'>
   <div class='ocr_carea' id='block_1_1' title="bbox 318 252 1296 317">
    <p class='ocr_par' dir='ltr' id='par_1_1' title="bbox 318 252 1296 317">
     <span class='ocr_line' id='line_1_1' title="bbox 318 252 1296 317; baseline -0.005 -18"><span class='ocrx_word' id='word_1_1' title='bbox 318 252 410 317; x_wconf 79' lang='lat'>296</span> <span class='ocrx_word' id='word_1_2' title='bbox 736 267 771 297; x_wconf 90' lang='lat' dir='ltr'>s.</span> <span class='ocrx_word' id='word_1_3' title='bbox 816 263 1057 295; x_wconf 76' lang='lat' dir='ltr'>AUGUSTINI</span> <span class='ocrx_word' id='word_1_4' title='bbox 1093 263 1296 295; x_wconf 77' lang='lat' dir='ltr'>Emscopr</span> 
     </span>
    </p>
   </div>
   <div class='ocr_carea' id='block_1_2' title="bbox 293 329 1682 1636">
    <p class='ocr_par' dir='ltr' id='par_1_2' title="bbox 293 329 1682 1636">
     <span class='ocr_line' id='line_1_2' title="bbox 316 329 1682 396; baseline -0.001 -17"><span class='ocrx_word' id='word_1_5' title='bbox 316 345 402 379; x_wconf 89' lang='lat' dir='ltr'>tam</span> <span class='ocrx_word' id='word_1_6' title='bbox 425 330 589 396; x_wconf 80' lang='lat' dir='ltr'>prolixe</span> <span class='ocrx_word' id='word_1_7' title='bbox 606 330 696 378; x_wconf 88' lang='lat' dir='ltr'>sine</span> <span class='ocrx_word' id='word_1_8' title='bbox 718 330 818 376; x_wconf 87' lang='lat' dir='ltr'>cibo</span> <span class='ocrx_word' id='word_1_9' title='bbox 838 340 879 376; x_wconf 89' lang='lat' dir='ltr'>et</span> <span class='ocrx_word' id='word_1_10' title='bbox 897 340 1008 393; x_wconf 89' lang='lat' dir='ltr'>potu</span> <span class='ocrx_word' id='word_1_11' title='bbox 1022 366 1033 386; x_wconf 90' lang='lat'>‚</span> <span class='ocrx_word' id='word_1_12' title='bbox 1054 347 1282 393; x_wconf 89' lang='lat' dir='ltr'>possumus</span> <span class='ocrx_word' id='word_1_13' title='bbox 1303 329 1444 377; x_wconf 88' lang='lat' dir='ltr'>vivere</span> <span class='ocrx_word' id='word_1_14' title='bbox 1463 347 1474 377; x_wconf 71' lang='grc' dir='ltr'><strong><em>ε</em></strong></span> <span class='ocrx_word' id='word_1_15' title='bbox 1495 346 1574 378; x_wconf 88' lang='lat' dir='ltr'>nec</span> <span class='ocrx_word' id='word_1_16' title='bbox 1591 331 1682 391; x_wconf 91' lang='lat' dir='ltr'>ejus</span> 
     </span>
     <span class='ocr_line' id='line_1_3' title="bbox 310 400 1681 465; baseline -0.001 -15"><span class='ocrx_word' id='word_1_17' title='bbox 310 404 549 465; x_wconf 85' lang='lat' dir='ltr'>indigentia</span> <span class='ocrx_word' id='word_1_18' title='bbox 573 402 772 457; x_wconf 83' lang='lat' dir='ltr'>sentitur,</span> <span class='ocrx_word' id='word_1_19' title='bbox 802 401 884 446; x_wconf 88' lang='lat' dir='ltr'>nisi</span> <span class='ocrx_word' id='word_1_20' title='bbox 906 400 1123 457; x_wconf 89' lang='lat' dir='ltr'>molestia,</span> <span class='ocrx_word' id='word_1_21' title='bbox 1164 401 1198 446; x_wconf 89' lang='lat' dir='ltr'>si</span> <span class='ocrx_word' id='word_1_22' title='bbox 1228 418 1303 446; x_wconf 92' lang='lat' dir='ltr'>ora</span> <span class='ocrx_word' id='word_1_23' title='bbox 1323 419 1529 465; x_wconf 83' lang='lat' dir='ltr'>naresque</span> <span class='ocrx_word' id='word_1_24' title='bbox 1555 402 1681 449; x_wconf 87' lang='lat' dir='ltr'>clau-</span> 
     </span>
     <span class='ocr_line' id='line_1_4' title="bbox 309 471 1676 535; baseline -0.001 -15"><span class='ocrx_word' id='word_1_25' title='bbox 309 474 487 529; x_wconf 79' lang='lat' dir='ltr'>dantur,</span> <span class='ocrx_word' id='word_1_26' title='bbox 513 473 580 519; x_wconf 87' lang='lat' dir='ltr'>vel</span> <span class='ocrx_word' id='word_1_27' title='bbox 604 483 717 518; x_wconf 91' lang='lat' dir='ltr'>nutu</span> <span class='ocrx_word' id='word_1_28' title='bbox 736 471 988 528; x_wconf 84' lang='lat' dir='ltr'>voluntatis,</span> <span class='ocrx_word' id='word_1_29' title='bbox 1004 482 1220 534; x_wconf 88' lang='lat' dir='ltr'>quantum</span> <span class='ocrx_word' id='word_1_30' title='bbox 1239 471 1339 516; x_wconf 90' lang='lat' dir='ltr'>sinit</span> <span class='ocrx_word' id='word_1_31' title='bbox 1354 472 1447 535; x_wconf 88' lang='lat' dir='ltr'>ipsa</span> <span class='ocrx_word' id='word_1_32' title='bbox 1467 472 1676 529; x_wconf 90' lang='lat' dir='ltr'>molestia,</span> 
     </span>
     <span class='ocr_line' id='line_1_5' title="bbox 307 541 1681 607; baseline 0 -18"><span class='ocrx_word' id='word_1_33' title='bbox 307 544 530 607; x_wconf 86' lang='lat' dir='ltr'>paulisper</span> <span class='ocrx_word' id='word_1_34' title='bbox 549 543 808 606; x_wconf 87' lang='lat' dir='ltr'>pulmonum</span> <span class='ocrx_word' id='word_1_35' title='bbox 830 542 1107 588; x_wconf 84' lang='lat' dir='ltr'>inhibeamus</span> <span class='ocrx_word' id='word_1_36' title='bbox 1130 541 1322 587; x_wconf 88' lang='lat' dir='ltr'>officium</span> <span class='ocrx_word' id='word_1_37' title='bbox 1338 578 1349 596; x_wconf 92' lang='lat'>,</span> <span class='ocrx_word' id='word_1_38' title='bbox 1378 542 1540 605; x_wconf 90' lang='lat' dir='ltr'>quibus</span> <span class='ocrx_word' id='word_1_39' title='bbox 1561 542 1681 589; x_wconf 87' lang='lat' dir='ltr'>velut</span> 
     </span>
     <span class='ocr_line' id='line_1_6' title="bbox 304 611 1680 658; baseline 0 0"><span class='ocrx_word' id='word_1_40' title='bbox 304 613 485 658; x_wconf 79' lang='lat' dir='ltr'>follibus</span> <span class='ocrx_word' id='word_1_41' title='bbox 501 612 739 658; x_wconf 88' lang='lat' dir='ltr'>alternante</span> <span class='ocrx_word' id='word_1_42' title='bbox 761 622 882 657; x_wconf 90' lang='lat' dir='ltr'>motu</span> <span class='ocrx_word' id='word_1_43' title='bbox 899 611 1048 658; x_wconf 87' lang='lat' dir='ltr'>vitales</span> <span class='ocrx_word' id='word_1_44' title='bbox 1069 612 1197 657; x_wconf 85' lang='lat' dir='ltr'>flatus</span> <span class='ocrx_word' id='word_1_45' title='bbox 1220 611 1445 657; x_wconf 87' lang='lat' dir='ltr'>haurimus</span> <span class='ocrx_word' id='word_1_46' title='bbox 1468 621 1510 657; x_wconf 89' lang='lat' dir='ltr'>et</span> <span class='ocrx_word' id='word_1_47' title='bbox 1528 611 1680 658; x_wconf 90' lang='lat' dir='ltr'>reddi-</span> 
     </span>
     <span class='ocr_line' id='line_1_7' title="bbox 305 680 1675 745; baseline 0 -18"><span class='ocrx_word' id='word_1_48' title='bbox 305 699 415 728; x_wconf 82' lang='lat' dir='ltr'>mus,</span> <span class='ocrx_word' id='word_1_49' title='bbox 441 682 617 738; x_wconf 88' lang='lat' dir='ltr'>Quanto</span> <span class='ocrx_word' id='word_1_50' title='bbox 637 691 742 726; x_wconf 89' lang='lat' dir='ltr'>esset</span> <span class='ocrx_word' id='word_1_51' title='bbox 763 680 930 726; x_wconf 86' lang='lat' dir='ltr'>felicius</span> <span class='ocrx_word' id='word_1_52' title='bbox 950 718 961 736; x_wconf 87' lang='lat'>,</span> <span class='ocrx_word' id='word_1_53' title='bbox 985 681 1182 744; x_wconf 86' lang='lat' dir='ltr'>spatiosis</span> <span class='ocrx_word' id='word_1_54' title='bbox 1208 680 1386 745; x_wconf 90' lang='lat' dir='ltr'>quidem</span> <span class='ocrx_word' id='word_1_55' title='bbox 1411 681 1647 727; x_wconf 86' lang='lat' dir='ltr'>intervallis</span> <span class='ocrx_word' id='word_1_56' title='bbox 1662 718 1675 739; x_wconf 93' lang='lat'>,</span> 
     </span>
     <span class='ocr_line' id='line_1_8' title="bbox 304 750 1676 813; baseline 0 -16"><span class='ocrx_word' id='word_1_57' title='bbox 304 752 418 798; x_wconf 88' lang='lat' dir='ltr'>sicut</span> <span class='ocrx_word' id='word_1_58' title='bbox 440 751 571 796; x_wconf 89' lang='lat' dir='ltr'>etiam</span> <span class='ocrx_word' id='word_1_59' title='bbox 602 767 722 796; x_wconf 90' lang='lat' dir='ltr'>nunc</span> <span class='ocrx_word' id='word_1_60' title='bbox 742 787 752 805; x_wconf 90' lang='lat'>,</span> <span class='ocrx_word' id='word_1_61' title='bbox 788 750 857 797; x_wconf 80' lang='lat' dir='ltr'>vel</span> <span class='ocrx_word' id='word_1_62' title='bbox 881 761 1285 813; x_wconf 85' lang='lat' dir='ltr'>quantumcumque</span> <span class='ocrx_word' id='word_1_63' title='bbox 1319 751 1676 813; x_wconf 86' lang='lat' dir='ltr'>spatiosioribus,</span> 
     </span>
     <span class='ocr_line' id='line_1_9' title="bbox 303 819 1681 884; baseline 0 -18"><span class='ocrx_word' id='word_1_64' title='bbox 303 822 392 866; x_wconf 90' lang='lat' dir='ltr'>sine</span> <span class='ocrx_word' id='word_1_65' title='bbox 410 820 496 866; x_wconf 90' lang='lat' dir='ltr'>ulla</span> <span class='ocrx_word' id='word_1_66' title='bbox 513 821 676 883; x_wconf 88' lang='lat' dir='ltr'>saporis</span> <span class='ocrx_word' id='word_1_67' title='bbox 688 820 942 865; x_wconf 88' lang='lat' dir='ltr'>illecebrosa</span> <span class='ocrx_word' id='word_1_68' title='bbox 958 820 1168 865; x_wconf 79' lang='lat' dir='ltr'>suavitate</span> <span class='ocrx_word' id='word_1_69' title='bbox 1186 819 1336 864; x_wconf 91' lang='lat' dir='ltr'>cibum</span> <span class='ocrx_word' id='word_1_70' title='bbox 1357 821 1681 884; x_wconf 79' lang='lat' dir='ltr'>perciperemus</span> 
     </span>
     <span class='ocr_line' id='line_1_10' title="bbox 301 889 1679 954; baseline 0.001 -18"><span class='ocrx_word' id='word_1_71' title='bbox 301 902 344 936; x_wconf 92' lang='lat' dir='ltr'>et</span> <span class='ocrx_word' id='word_1_72' title='bbox 365 902 545 953; x_wconf 90' lang='lat' dir='ltr'>potum,</span> <span class='ocrx_word' id='word_1_73' title='bbox 573 907 662 953; x_wconf 89' lang='lat' dir='ltr'>quo</span> <span class='ocrx_word' id='word_1_74' title='bbox 681 899 847 935; x_wconf 85' lang='lat' dir='ltr'>tantam</span> <span class='ocrx_word' id='word_1_75' title='bbox 867 889 1107 935; x_wconf 82' lang='lat' dir='ltr'>molestiam</span> <span class='ocrx_word' id='word_1_76' title='bbox 1138 889 1205 937; x_wconf 88' lang='lat' dir='ltr'>vel</span> <span class='ocrx_word' id='word_1_77' title='bbox 1238 890 1473 953; x_wconf 89' lang='lat' dir='ltr'>perniciem</span> <span class='ocrx_word' id='word_1_78' title='bbox 1494 890 1679 954; x_wconf 88' lang='lat' dir='ltr'>pellere-</span> 
     </span>
     <span class='ocr_line' id='line_1_11' title="bbox 302 959 1680 1022; baseline 0 -16"><span class='ocrx_word' id='word_1_79' title='bbox 302 978 412 1006; x_wconf 87' lang='lat' dir='ltr'>mus.</span> <span class='ocrx_word' id='word_1_80' title='bbox 449 961 561 1006; x_wconf 91' lang='lat' dir='ltr'>Nam</span> <span class='ocrx_word' id='word_1_81' title='bbox 585 959 619 1005; x_wconf 92' lang='lat' dir='ltr'>si</span> <span class='ocrx_word' id='word_1_82' title='bbox 641 959 687 1004; x_wconf 92' lang='lat' dir='ltr'>in</span> <span class='ocrx_word' id='word_1_83' title='bbox 717 959 922 1022; x_wconf 85' lang='lat' dir='ltr'>praesenti</span> <span class='ocrx_word' id='word_1_84' title='bbox 949 959 1039 1005; x_wconf 78' lang='lat' dir='ltr'>vita</span> <span class='ocrx_word' id='word_1_85' title='bbox 1060 970 1349 1022; x_wconf 88' lang='lat' dir='ltr'>temperanter</span> <span class='ocrx_word' id='word_1_86' title='bbox 1380 960 1583 1006; x_wconf 84' lang='lat' dir='ltr'>alimenta</span> <span class='ocrx_word' id='word_1_87' title='bbox 1613 976 1680 1006; x_wconf 91' lang='lat' dir='ltr'>su-</span> 
     </span>
     <span class='ocr_line' id='line_1_12' title="bbox 300 1030 1680 1094; baseline 0.001 -18"><span class='ocrx_word' id='word_1_88' title='bbox 300 1041 479 1086; x_wconf 87' lang='lat' dir='ltr'>mentes,</span> <span class='ocrx_word' id='word_1_89' title='bbox 502 1030 768 1076; x_wconf 86' lang='lat' dir='ltr'>continentes</span> <span class='ocrx_word' id='word_1_90' title='bbox 785 1040 999 1076; x_wconf 86' lang='lat' dir='ltr'>vocantur</span> <span class='ocrx_word' id='word_1_91' title='bbox 1023 1041 1066 1076; x_wconf 91' lang='lat' dir='ltr'>et</span> <span class='ocrx_word' id='word_1_92' title='bbox 1091 1031 1243 1086; x_wconf 86' lang='lat' dir='ltr'>sobrii,</span> <span class='ocrx_word' id='word_1_93' title='bbox 1270 1031 1510 1094; x_wconf 89' lang='lat' dir='ltr'>meritoque</span> <span class='ocrx_word' id='word_1_94' title='bbox 1525 1068 1537 1088; x_wconf 93' lang='lat'>,</span> <span class='ocrx_word' id='word_1_95' title='bbox 1558 1030 1680 1077; x_wconf 87' lang='lat' dir='ltr'>laudi</span> 
     </span>
     <span class='ocr_line' id='line_1_13' title="bbox 298 1100 1679 1164; baseline 0.001 -18"><span class='ocrx_word' id='word_1_96' title='bbox 298 1100 538 1155; x_wconf 84' lang='lat' dir='ltr'>habentur,</span> <span class='ocrx_word' id='word_1_97' title='bbox 564 1117 644 1146; x_wconf 91' lang='lat' dir='ltr'>nec</span> <span class='ocrx_word' id='word_1_98' title='bbox 673 1100 827 1146; x_wconf 83' lang='lat' dir='ltr'>desunt</span> <span class='ocrx_word' id='word_1_99' title='bbox 853 1100 1136 1160; x_wconf 87' lang='lat' dir='ltr'>hujusmodi,</span> <span class='ocrx_word' id='word_1_100' title='bbox 1168 1100 1245 1164; x_wconf 89' lang='lat' dir='ltr'>qui</span> <span class='ocrx_word' id='word_1_101' title='bbox 1274 1111 1488 1164; x_wconf 88' lang='lat' dir='ltr'>quantum</span> <span class='ocrx_word' id='word_1_102' title='bbox 1521 1111 1679 1147; x_wconf 87' lang='lat' dir='ltr'>natura</span> 
     </span>
     <span class='ocr_line' id='line_1_14' title="bbox 298 1170 1678 1234; baseline 0.001 -18"><span class='ocrx_word' id='word_1_103' title='bbox 298 1181 445 1234; x_wconf 87' lang='lat' dir='ltr'>petat,</span> <span class='ocrx_word' id='word_1_104' title='bbox 466 1182 539 1217; x_wconf 90' lang='lat' dir='ltr'>aut</span> <span class='ocrx_word' id='word_1_105' title='bbox 560 1171 703 1217; x_wconf 88' lang='lat' dir='ltr'>minus</span> <span class='ocrx_word' id='word_1_106' title='bbox 721 1170 962 1216; x_wconf 87' lang='lat' dir='ltr'>refectionis</span> <span class='ocrx_word' id='word_1_107' title='bbox 981 1181 1216 1226; x_wconf 85' lang='lat' dir='ltr'>assumant,</span> <span class='ocrx_word' id='word_1_108' title='bbox 1239 1170 1461 1228; x_wconf 89' lang='lat' dir='ltr'>malentes,</span> <span class='ocrx_word' id='word_1_109' title='bbox 1485 1171 1520 1217; x_wconf 91' lang='lat' dir='ltr'>si</span> <span class='ocrx_word' id='word_1_110' title='bbox 1544 1170 1678 1217; x_wconf 88' lang='lat' dir='ltr'>modo</span> 
     </span>
     <span class='ocr_line' id='line_1_15' title="bbox 297 1239 1676 1303; baseline 0.001 -19"><span class='ocrx_word' id='word_1_111' title='bbox 297 1240 541 1286; x_wconf 84' lang='lat' dir='ltr'>necessitati</span> <span class='ocrx_word' id='word_1_112' title='bbox 571 1257 763 1300; x_wconf 86' lang='lat' dir='ltr'>congruo</span> <span class='ocrx_word' id='word_1_113' title='bbox 791 1239 1020 1296; x_wconf 88' lang='lat' dir='ltr'>falluntur,</span> <span class='ocrx_word' id='word_1_114' title='bbox 1048 1240 1191 1285; x_wconf 91' lang='lat' dir='ltr'>minus</span> <span class='ocrx_word' id='word_1_115' title='bbox 1214 1239 1261 1285; x_wconf 90' lang='lat' dir='ltr'>id</span> <span class='ocrx_word' id='word_1_116' title='bbox 1283 1240 1513 1303; x_wconf 88' lang='lat' dir='ltr'>sumpsisse</span> <span class='ocrx_word' id='word_1_117' title='bbox 1541 1256 1676 1303; x_wconf 87' lang='lat' dir='ltr'>quam</span> 
     </span>
     <span class='ocr_line' id='line_1_16' title="bbox 299 1309 1676 1372; baseline 0.001 -18"><span class='ocrx_word' id='word_1_118' title='bbox 299 1309 508 1372; x_wconf 89' lang='lat' dir='ltr'>amplius:</span> <span class='ocrx_word' id='word_1_119' title='bbox 535 1320 697 1372; x_wconf 91' lang='lat' dir='ltr'>quanto</span> <span class='ocrx_word' id='word_1_120' title='bbox 719 1310 854 1369; x_wconf 84' lang='lat' dir='ltr'>magis</span> <span class='ocrx_word' id='word_1_121' title='bbox 870 1309 915 1355; x_wconf 90' lang='lat' dir='ltr'>in</span> <span class='ocrx_word' id='word_1_122' title='bbox 929 1309 1224 1371; x_wconf 49' lang='lat' dir='ltr'>illassdignitate</span> <span class='ocrx_word' id='word_1_123' title='bbox 1240 1309 1471 1356; x_wconf 89' lang='lat' dir='ltr'>honestum</span> <span class='ocrx_word' id='word_1_124' title='bbox 1493 1309 1676 1356; x_wconf 90' lang='lat' dir='ltr'>modum</span> 
     </span>
     <span class='ocr_line' id='line_1_17' title="bbox 296 1378 1676 1443; baseline 0.001 -19"><span class='ocrx_word' id='word_1_125' title='bbox 296 1378 424 1425; x_wconf 86' lang='lat' dir='ltr'>fuisse</span> <span class='ocrx_word' id='word_1_126' title='bbox 450 1379 718 1425; x_wconf 85' lang='lat' dir='ltr'>credendum</span> <span class='ocrx_word' id='word_1_127' title='bbox 743 1390 804 1425; x_wconf 90' lang='lat' dir='ltr'>est</span> <span class='ocrx_word' id='word_1_128' title='bbox 821 1379 1132 1425; x_wconf 88' lang='lat' dir='ltr'>sumendorum</span> <span class='ocrx_word' id='word_1_129' title='bbox 1160 1379 1489 1436; x_wconf 86' lang='lat' dir='ltr'>alimentorum,</span> <span class='ocrx_word' id='word_1_130' title='bbox 1518 1396 1607 1443; x_wconf 88' lang='lat' dir='ltr'>quo</span> <span class='ocrx_word' id='word_1_131' title='bbox 1633 1389 1676 1425; x_wconf 86' lang='lat' dir='ltr'>et</span> 
     </span>
     <span class='ocr_line' id='line_1_18' title="bbox 297 1448 1673 1512; baseline 0.001 -18"><span class='ocrx_word' id='word_1_132' title='bbox 297 1448 472 1494; x_wconf 90' lang='lat' dir='ltr'>animali</span> <span class='ocrx_word' id='word_1_133' title='bbox 502 1449 676 1512; x_wconf 85' lang='lat' dir='ltr'>corpori</span> <span class='ocrx_word' id='word_1_134' title='bbox 705 1450 938 1495; x_wconf 88' lang='lat' dir='ltr'>necessaria</span> <span class='ocrx_word' id='word_1_135' title='bbox 959 1450 1278 1512; x_wconf 85' lang='lat' dir='ltr'>praeberentur,</span> <span class='ocrx_word' id='word_1_136' title='bbox 1306 1460 1348 1495; x_wconf 88' lang='lat' dir='ltr'>et</span> <span class='ocrx_word' id='word_1_137' title='bbox 1366 1450 1522 1496; x_wconf 87' lang='lat' dir='ltr'>modus</span> <span class='ocrx_word' id='word_1_138' title='bbox 1544 1460 1673 1496; x_wconf 91' lang='lat' dir='ltr'>natu-</span> 
     </span>
     <span class='ocr_line' id='line_1_19' title="bbox 294 1518 1673 1583; baseline 0.002 -20"><span class='ocrx_word' id='word_1_139' title='bbox 294 1518 393 1564; x_wconf 85' lang='lat' dir='ltr'>ralis</span> <span class='ocrx_word' id='word_1_140' title='bbox 417 1518 662 1565; x_wconf 88' lang='lat' dir='ltr'>nullatenus</span> <span class='ocrx_word' id='word_1_141' title='bbox 681 1519 971 1565; x_wconf 76' lang='lat' dir='ltr'>excederetur:</span> <span class='ocrx_word' id='word_1_142' title='bbox 989 1519 1101 1566; x_wconf 86' lang='lat' dir='ltr'>sicut</span> <span class='ocrx_word' id='word_1_143' title='bbox 1120 1521 1166 1565; x_wconf 91' lang='lat' dir='ltr'>in</span> <span class='ocrx_word' id='word_1_144' title='bbox 1188 1519 1392 1583; x_wconf 88' lang='lat' dir='ltr'>paradiso</span> <span class='ocrx_word' id='word_1_145' title='bbox 1409 1520 1574 1583; x_wconf 87' lang='lat' dir='ltr'>primos</span> <span class='ocrx_word' id='word_1_146' title='bbox 1585 1520 1673 1566; x_wconf 85' lang='lat' dir='ltr'>ho-</span> 
     </span>
     <span class='ocr_line' id='line_1_20' title="bbox 293 1589 1008 1636; baseline 0.004 -3"><span class='ocrx_word' id='word_1_147' title='bbox 293 1589 429 1634; x_wconf 87' lang='lat' dir='ltr'>mines</span> <span class='ocrx_word' id='word_1_148' title='bbox 454 1589 601 1635; x_wconf 84' lang='lat' dir='ltr'>vixisse</span> <span class='ocrx_word' id='word_1_149' title='bbox 620 1589 888 1636; x_wconf 88' lang='lat' dir='ltr'>credendum</span> <span class='ocrx_word' id='word_1_150' title='bbox 916 1593 1008 1636; x_wconf 71' lang='lat' dir='ltr'>est?</span> 
     </span>
    </p>
   </div>
   <div class='ocr_carea' id='block_1_3' title="bbox 358 1659 1684 1724">
    <p class='ocr_par' dir='ltr' id='par_1_3' title="bbox 358 1659 1684 1724">
     <span class='ocr_line' id='line_1_21' title="bbox 358 1659 1684 1724; baseline 0.003 -20"><span class='ocrx_word' id='word_1_151' title='bbox 358 1660 517 1706; x_wconf 87' lang='lat' dir='ltr'><strong>LXIX.</strong></span> <span class='ocrx_word' id='word_1_152' title='bbox 560 1660 770 1716; x_wconf 88' lang='lat' dir='ltr'>Quamvis</span> <span class='ocrx_word' id='word_1_153' title='bbox 806 1660 1030 1716; x_wconf 86' lang='lat' dir='ltr'>nonnulli,</span> <span class='ocrx_word' id='word_1_154' title='bbox 1067 1677 1207 1724; x_wconf 91' lang='lat' dir='ltr'>neque</span> <span class='ocrx_word' id='word_1_155' title='bbox 1234 1659 1285 1706; x_wconf 85' lang='lat' dir='ltr'>hi</span> <span class='ocrx_word' id='word_1_156' title='bbox 1322 1659 1684 1723; x_wconf 84' lang='lat' dir='ltr'>contemptibiles</span> 
     </span>
    </p>
   </div>
   <div class='ocr_carea' id='block_1_4' title="bbox 283 1728 1671 2559">
    <p class='ocr_par' dir='ltr' id='par_1_4' title="bbox 283 1728 1671 2559">
     <span class='ocr_line' id='line_1_22' title="bbox 293 1728 1671 1793; baseline 0.002 -19"><span class='ocrx_word' id='word_1_157' title='bbox 293 1728 433 1777; x_wconf 84' lang='lat' dir='ltr'>divini</span> <span class='ocrx_word' id='word_1_158' title='bbox 459 1730 621 1793; x_wconf 89' lang='lat' dir='ltr'>eloquii</span> <span class='ocrx_word' id='word_1_159' title='bbox 652 1741 905 1776; x_wconf 87' lang='lat' dir='ltr'>tractatores</span> <span class='ocrx_word' id='word_1_160' title='bbox 923 1767 934 1786; x_wconf 92' lang='lat'>,</span> <span class='ocrx_word' id='word_1_161' title='bbox 967 1730 1088 1776; x_wconf 89' lang='lat' dir='ltr'>nullo</span> <span class='ocrx_word' id='word_1_162' title='bbox 1116 1730 1426 1790; x_wconf 89' lang='lat' dir='ltr'>hujuscemodi</span> <span class='ocrx_word' id='word_1_163' title='bbox 1455 1730 1577 1777; x_wconf 82' lang='lat' dir='ltr'>vic-tu</span> <span class='ocrx_word' id='word_1_164' title='bbox 1600 1748 1671 1777; x_wconf 92' lang='lat' dir='ltr'>eos</span> 
     </span>
     <span class='ocr_line' id='line_1_23' title="bbox 290 1799 1670 1864; baseline 0.002 -20"><span class='ocrx_word' id='word_1_165' title='bbox 290 1799 525 1860; x_wconf 84' lang='lat' dir='ltr'>indiguisse</span> <span class='ocrx_word' id='word_1_166' title='bbox 555 1800 702 1864; x_wconf 89' lang='lat' dir='ltr'>potius</span> <span class='ocrx_word' id='word_1_167' title='bbox 739 1802 992 1864; x_wconf 88' lang='lat' dir='ltr'>opinentur,</span> <span class='ocrx_word' id='word_1_168' title='bbox 1029 1811 1078 1847; x_wconf 89' lang='lat' dir='ltr'>ut</span> <span class='ocrx_word' id='word_1_169' title='bbox 1107 1818 1156 1846; x_wconf 88' lang='lat' dir='ltr'>ea</span> <span class='ocrx_word' id='word_1_170' title='bbox 1185 1800 1275 1846; x_wconf 90' lang='lat' dir='ltr'>sola</span> <span class='ocrx_word' id='word_1_171' title='bbox 1301 1801 1347 1846; x_wconf 89' lang='lat' dir='ltr'>in</span> <span class='ocrx_word' id='word_1_172' title='bbox 1372 1800 1573 1863; x_wconf 86' lang='lat' dir='ltr'>paradiso</span> <span class='ocrx_word' id='word_1_173' title='bbox 1596 1818 1670 1849; x_wconf 88' lang='lat' dir='ltr'>vo-</span> 
     </span>
     <span class='ocr_line' id='line_1_24' title="bbox 289 1869 1670 1933; baseline 0.001 -18"><span class='ocrx_word' id='word_1_174' title='bbox 289 1869 437 1933; x_wconf 86' lang='lat' dir='ltr'>luptas</span> <span class='ocrx_word' id='word_1_175' title='bbox 460 1870 527 1916; x_wconf 86' lang='lat' dir='ltr'>vel</span> <span class='ocrx_word' id='word_1_176' title='bbox 547 1870 751 1916; x_wconf 89' lang='lat' dir='ltr'>alimonia</span> <span class='ocrx_word' id='word_1_177' title='bbox 774 1871 1037 1916; x_wconf 72' lang='lat' dir='ltr'>existimetur</span> <span class='ocrx_word' id='word_1_178' title='bbox 1055 1869 1183 1916; x_wconf 92' lang='lat' dir='ltr'>fuisse</span> <span class='ocrx_word' id='word_1_179' title='bbox 1199 1906 1210 1925; x_wconf 91' lang='lat'>,</span> <span class='ocrx_word' id='word_1_180' title='bbox 1235 1886 1322 1933; x_wconf 92' lang='lat' dir='ltr'>qua</span> <span class='ocrx_word' id='word_1_181' title='bbox 1339 1869 1610 1916; x_wconf 87' lang='lat' dir='ltr'>delectantur</span> <span class='ocrx_word' id='word_1_182' title='bbox 1627 1879 1670 1916; x_wconf 79' lang='lat' dir='ltr'>et</span> 
     </span>
     <span class='ocr_line' id='line_1_25' title="bbox 291 1940 1669 2004; baseline 0.001 -18"><span class='ocrx_word' id='word_1_183' title='bbox 291 1940 468 1986; x_wconf 88' lang='lat' dir='ltr'>aluntur</span> <span class='ocrx_word' id='word_1_184' title='bbox 503 1940 638 1987; x_wconf 89' lang='lat' dir='ltr'>corda</span> <span class='ocrx_word' id='word_1_185' title='bbox 666 1942 944 2004; x_wconf 87' lang='lat' dir='ltr'>sapientium.</span> <span class='ocrx_word' id='word_1_186' title='bbox 982 1941 1067 1988; x_wconf 89' lang='lat' dir='ltr'>Sed</span> <span class='ocrx_word' id='word_1_187' title='bbox 1091 1958 1168 2001; x_wconf 85' lang='lat' dir='ltr'>ego</span> <span class='ocrx_word' id='word_1_188' title='bbox 1193 1957 1294 1986; x_wconf 90' lang='lat' dir='ltr'>cum</span> <span class='ocrx_word' id='word_1_189' title='bbox 1314 1940 1372 1986; x_wconf 91' lang='lat' dir='ltr'>eis</span> <span class='ocrx_word' id='word_1_190' title='bbox 1405 1941 1561 1997; x_wconf 89' lang='lat' dir='ltr'>sentio,</span> <span class='ocrx_word' id='word_1_191' title='bbox 1592 1941 1669 2004; x_wconf 89' lang='lat' dir='ltr'>qui</span> 
     </span>
     <span class='ocr_line' id='line_1_26' title="bbox 289 2008 1668 2073; baseline 0.001 -18"><span class='ocrx_word' id='word_1_192' title='bbox 289 2010 521 2056; x_wconf 84' lang='lat' dir='ltr'>sicutillud</span> <span class='ocrx_word' id='word_1_193' title='bbox 541 2010 661 2073; x_wconf 90' lang='lat' dir='ltr'>quod</span> <span class='ocrx_word' id='word_1_194' title='bbox 676 2011 844 2057; x_wconf 92' lang='lat' dir='ltr'>dictum</span> <span class='ocrx_word' id='word_1_195' title='bbox 859 2021 920 2057; x_wconf 91' lang='lat' dir='ltr'>est</span> <span class='ocrx_word' id='word_1_196' title='bbox 937 2028 947 2055; x_wconf 93' lang='lat'>:</span> <span class='ocrx_word' id='word_1_197' title='bbox 970 2032 990 2052; x_wconf 71' lang='grc' dir='ltr'>ε(</span> <span class='ocrx_word' id='word_1_198' title='bbox 1007 2011 1250 2057; x_wconf 90' lang='lat' dir='ltr'>Masculum</span> <span class='ocrx_word' id='word_1_199' title='bbox 1267 2021 1309 2056; x_wconf 89' lang='lat' dir='ltr'>et</span> <span class='ocrx_word' id='word_1_200' title='bbox 1325 2008 1552 2058; x_wconf 88' lang='lat' dir='ltr'>foeminam</span> <span class='ocrx_word' id='word_1_201' title='bbox 1563 2009 1668 2057; x_wconf 89' lang='lat' dir='ltr'>fecit</span> 
     </span>
     <span class='ocr_line' id='line_1_27' title="bbox 289 2080 1667 2136; baseline 0.001 -11"><span class='ocrx_word' id='word_1_202' title='bbox 289 2101 310 2121; x_wconf 72' lang='lat' dir='ltr'>n</span> <span class='ocrx_word' id='word_1_203' title='bbox 328 2097 398 2126; x_wconf 91' lang='lat' dir='ltr'>eos</span> <span class='ocrx_word' id='word_1_204' title='bbox 414 2118 425 2136; x_wconf 91' lang='lat'>,</span> <span class='ocrx_word' id='word_1_205' title='bbox 448 2091 491 2126; x_wconf 90' lang='lat' dir='ltr'>et</span> <span class='ocrx_word' id='word_1_206' title='bbox 512 2080 732 2127; x_wconf 86' lang='lat' dir='ltr'>benedixit</span> <span class='ocrx_word' id='word_1_207' title='bbox 758 2080 855 2127; x_wconf 91' lang='lat' dir='ltr'>illos</span> <span class='ocrx_word' id='word_1_208' title='bbox 880 2083 997 2127; x_wconf 88' lang='lat' dir='ltr'>Deus</span> <span class='ocrx_word' id='word_1_209' title='bbox 1013 2118 1024 2136; x_wconf 91' lang='lat'>,</span> <span class='ocrx_word' id='word_1_210' title='bbox 1048 2080 1220 2126; x_wconf 83' lang='lat' dir='ltr'>dicens:</span> <span class='ocrx_word' id='word_1_211' title='bbox 1250 2081 1439 2126; x_wconf 86' lang='lat' dir='ltr'>Crescite</span> <span class='ocrx_word' id='word_1_212' title='bbox 1455 2091 1498 2126; x_wconf 91' lang='lat' dir='ltr'>et</span> <span class='ocrx_word' id='word_1_213' title='bbox 1519 2081 1667 2126; x_wconf 89' lang='lat' dir='ltr'>multi-</span> 
     </span>
     <span class='ocr_line' id='line_1_28' title="bbox 288 2150 1666 2214; baseline 0.004 -22"><span class='ocrx_word' id='word_1_214' title='bbox 288 2172 310 2192; x_wconf 80' lang='lat'>»</span> <span class='ocrx_word' id='word_1_215' title='bbox 326 2151 553 2213; x_wconf 91' lang='lat' dir='ltr'>plicamini</span> <span class='ocrx_word' id='word_1_216' title='bbox 571 2188 582 2208; x_wconf 93' lang='lat'>,</span> <span class='ocrx_word' id='word_1_217' title='bbox 609 2161 651 2197; x_wconf 90' lang='lat' dir='ltr'>et</span> <span class='ocrx_word' id='word_1_218' title='bbox 672 2151 849 2214; x_wconf 88' lang='lat' dir='ltr'>implete</span> <span class='ocrx_word' id='word_1_219' title='bbox 868 2162 1027 2197; x_wconf 90' lang='lat' dir='ltr'>terram</span> <span class='ocrx_word' id='word_1_220' title='bbox 1042 2151 1080 2206; x_wconf 69' lang='lat'>1,</span> <span class='ocrx_word' id='word_1_221' title='bbox 1106 2171 1126 2193; x_wconf 88' lang='lat'><strong><em>»</em></strong></span> <span class='ocrx_word' id='word_1_222' title='bbox 1144 2150 1384 2197; x_wconf 89' lang='lat' dir='ltr'>secundum</span> <span class='ocrx_word' id='word_1_223' title='bbox 1405 2168 1552 2197; x_wconf 89' lang='lat' dir='ltr'>sexum</span> <span class='ocrx_word' id='word_1_224' title='bbox 1571 2168 1666 2197; x_wconf 91' lang='lat' dir='ltr'>cor-</span> 
     </span>
     <span class='ocr_line' id='line_1_29' title="bbox 286 2221 1664 2285; baseline 0 -19"><span class='ocrx_word' id='word_1_225' title='bbox 286 2221 480 2283; x_wconf 89' lang='lat' dir='ltr'>poralem</span> <span class='ocrx_word' id='word_1_226' title='bbox 505 2231 635 2284; x_wconf 90' lang='lat' dir='ltr'>atque</span> <span class='ocrx_word' id='word_1_227' title='bbox 659 2222 947 2285; x_wconf 89' lang='lat' dir='ltr'>conspicuum</span> <span class='ocrx_word' id='word_1_228' title='bbox 964 2221 1211 2281; x_wconf 86' lang='lat' dir='ltr'>intelligunt</span> <span class='ocrx_word' id='word_1_229' title='bbox 1232 2221 1400 2267; x_wconf 86' lang='lat' dir='ltr'>dictum</span> <span class='ocrx_word' id='word_1_230' title='bbox 1421 2239 1432 2266; x_wconf 69' lang='grc' dir='ltr'>ι</span> <span class='ocrx_word' id='word_1_231' title='bbox 1456 2221 1516 2266; x_wconf 90' lang='lat' dir='ltr'>ita</span> <span class='ocrx_word' id='word_1_232' title='bbox 1533 2221 1664 2267; x_wconf 89' lang='lat' dir='ltr'>etiam</span> 
     </span>
     <span class='ocr_line' id='line_1_30' title="bbox 286 2290 1662 2354; baseline 0 -17"><span class='ocrx_word' id='word_1_233' title='bbox 286 2290 405 2353; x_wconf 91' lang='lat' dir='ltr'>quod</span> <span class='ocrx_word' id='word_1_234' title='bbox 436 2290 567 2353; x_wconf 89' lang='lat' dir='ltr'>paulo</span> <span class='ocrx_word' id='word_1_235' title='bbox 603 2301 703 2354; x_wconf 85' lang='lat' dir='ltr'>post</span> <span class='ocrx_word' id='word_1_236' title='bbox 731 2292 955 2354; x_wconf 89' lang='lat' dir='ltr'>sequitur:</span> <span class='ocrx_word' id='word_1_237' title='bbox 988 2312 1008 2332; x_wconf 83' lang='lat'>«</span> <span class='ocrx_word' id='word_1_238' title='bbox 1033 2292 1088 2336; x_wconf 89' lang='lat' dir='ltr'>Et</span> <span class='ocrx_word' id='word_1_239' title='bbox 1112 2291 1217 2337; x_wconf 83' lang='lat' dir='ltr'>dixit</span> <span class='ocrx_word' id='word_1_240' title='bbox 1241 2294 1387 2337; x_wconf 86' lang='lat' dir='ltr'>Deus:</span> <span class='ocrx_word' id='word_1_241' title='bbox 1413 2292 1527 2337; x_wconf 89' lang='lat' dir='ltr'>Ecce</span> <span class='ocrx_word' id='word_1_242' title='bbox 1558 2291 1662 2337; x_wconf 91' lang='lat' dir='ltr'>dedi</span> 
     </span>
     <span class='ocr_line' id='line_1_31' title="bbox 283 2360 1662 2424; baseline 0 -17"><span class='ocrx_word' id='word_1_243' title='bbox 283 2379 306 2402; x_wconf 88' lang='lat'>›&gt;</span> <span class='ocrx_word' id='word_1_244' title='bbox 321 2360 446 2407; x_wconf 83' lang='lat' dir='ltr'>vobis</span> <span class='ocrx_word' id='word_1_245' title='bbox 465 2377 593 2406; x_wconf 90' lang='lat' dir='ltr'>omne</span> <span class='ocrx_word' id='word_1_246' title='bbox 613 2360 783 2407; x_wconf 88' lang='lat' dir='ltr'>foenum</span> <span class='ocrx_word' id='word_1_247' title='bbox 806 2362 992 2407; x_wconf 88' lang='lat' dir='ltr'>sativum</span> <span class='ocrx_word' id='word_1_248' title='bbox 1018 2362 1230 2407; x_wconf 85' lang='lat' dir='ltr'>seminans</span> <span class='ocrx_word' id='word_1_249' title='bbox 1264 2376 1406 2406; x_wconf 91' lang='lat' dir='ltr'>semen</span> <span class='ocrx_word' id='word_1_250' title='bbox 1425 2397 1435 2416; x_wconf 94' lang='lat'>,</span> <span class='ocrx_word' id='word_1_251' title='bbox 1460 2361 1580 2424; x_wconf 88' lang='lat' dir='ltr'>quod</span> <span class='ocrx_word' id='word_1_252' title='bbox 1599 2372 1662 2408; x_wconf 85' lang='lat' dir='ltr'>est</span> 
     </span>
     <span class='ocr_line' id='line_1_32' title="bbox 283 2430 1660 2494; baseline 0.003 -20"><span class='ocrx_word' id='word_1_253' title='bbox 283 2446 450 2493; x_wconf 84' lang='lat' dir='ltr'>»super</span> <span class='ocrx_word' id='word_1_254' title='bbox 470 2446 644 2476; x_wconf 90' lang='lat' dir='ltr'>omnem</span> <span class='ocrx_word' id='word_1_255' title='bbox 668 2441 852 2486; x_wconf 88' lang='lat' dir='ltr'>terram,</span> <span class='ocrx_word' id='word_1_256' title='bbox 881 2441 923 2477; x_wconf 89' lang='lat' dir='ltr'>et</span> <span class='ocrx_word' id='word_1_257' title='bbox 951 2447 1078 2476; x_wconf 92' lang='lat' dir='ltr'>omne</span> <span class='ocrx_word' id='word_1_258' title='bbox 1115 2430 1281 2489; x_wconf 87' lang='lat' dir='ltr'>lignum</span> <span class='ocrx_word' id='word_1_259' title='bbox 1306 2430 1428 2494; x_wconf 87' lang='lat' dir='ltr'>quod</span> <span class='ocrx_word' id='word_1_260' title='bbox 1455 2431 1590 2477; x_wconf 89' lang='lat' dir='ltr'>habet</span> <span class='ocrx_word' id='word_1_261' title='bbox 1612 2432 1660 2479; x_wconf 88' lang='lat' dir='ltr'>in</span> 
     </span>
     <span class='ocr_line' id='line_1_33' title="bbox 285 2498 1658 2559; baseline 0.004 -17"><span class='ocrx_word' id='word_1_262' title='bbox 285 2520 306 2542; x_wconf 88' lang='grc'>»</span> <span class='ocrx_word' id='word_1_263' title='bbox 323 2517 365 2547; x_wconf 92' lang='lat' dir='ltr'>se</span> <span class='ocrx_word' id='word_1_264' title='bbox 383 2498 580 2548; x_wconf 82' lang='lat' dir='ltr'>fructum</span> <span class='ocrx_word' id='word_1_265' title='bbox 597 2500 768 2547; x_wconf 86' lang='lat' dir='ltr'>seminis</span> <span class='ocrx_word' id='word_1_266' title='bbox 789 2500 939 2557; x_wconf 80' lang='lat' dir='ltr'>sativi,</span> <span class='ocrx_word' id='word_1_267' title='bbox 960 2499 1085 2548; x_wconf 84' lang='lat' dir='ltr'>vobis</span> <span class='ocrx_word' id='word_1_268' title='bbox 1100 2500 1181 2546; x_wconf 89' lang='lat' dir='ltr'>erit</span> <span class='ocrx_word' id='word_1_269' title='bbox 1203 2500 1250 2546; x_wconf 91' lang='lat' dir='ltr'>in</span> <span class='ocrx_word' id='word_1_270' title='bbox 1272 2517 1414 2548; x_wconf 88' lang='lat' dir='ltr'>escam</span> <span class='ocrx_word' id='word_1_271' title='bbox 1428 2538 1441 2559; x_wconf 91' lang='lat'>,</span> <span class='ocrx_word' id='word_1_272' title='bbox 1462 2511 1504 2548; x_wconf 89' lang='lat' dir='ltr'>et</span> <span class='ocrx_word' id='word_1_273' title='bbox 1522 2502 1658 2549; x_wconf 89' lang='lat' dir='ltr'>omni-</span> 
     </span>
    </p>
   </div>
   <div class='ocr_carea' id='block_1_5' title="bbox 1789 0 1813 3190">
    <p class='ocr_par' dir='ltr' id='par_1_5' title="bbox 1789 0 1813 3190">
     <span class='ocr_line' id='line_1_34' title="bbox 1789 0 1813 3190; baseline 0 0"><span class='ocrx_word' id='word_1_274' title='bbox 1789 0 1813 3190; x_wconf 95' lang='lat' dir='ltr'> </span> 
     </span>
    </p>
   </div>
   <div class='ocr_carea' id='block_1_6' title="bbox 1829 1242 1841 1286">
    <p class='ocr_par' dir='ltr' id='par_1_6' title="bbox 1829 1242 1841 1286">
     <span class='ocr_line' id='line_1_35' title="bbox 1829 1242 1841 1286; textangle 90"><span class='ocrx_word' id='word_1_275' title='bbox 1829 1242 1841 1286; x_wconf 49' lang='lat' dir='ltr'>:La</span> 
     </span>
    </p>
   </div>
   <div class='ocr_carea' id='block_1_7' title="bbox 1830 1752 1843 1779">
    <p class='ocr_par' dir='ltr' id='par_1_7' title="bbox 1830 1752 1843 1779">
     <span class='ocr_line' id='line_1_36' title="bbox 1830 1752 1843 1779; textangle 90"><span class='ocrx_word' id='word_1_276' title='bbox 1830 1752 1843 1779; x_wconf 61' lang='grc' dir='ltr'>ετ]</span> 
     </span>
    </p>
   </div>
  </div>
 </body>
</html>
