<?xml version="1.0" encoding="UTF-8"?>
<!DOCTYPE html PUBLIC "-//W3C//DTD XHTML 1.0 Transitional//EN"
    "http://www.w3.org/TR/xhtml1/DTD/xhtml1-transitional.dtd">
<html xmlns="http://www.w3.org/1999/xhtml" xml:lang="en" lang="en">
 <head>
  <title>
</title>
<meta http-equiv="Content-Type" content="text/html;charset=utf-8" />
  <meta name='ocr-system' content='tesseract 3.04.00' />
  <meta name='ocr-capabilities' content='ocr_page ocr_carea ocr_par ocr_line ocrx_word'/>
</head>
<body>
  <div class='ocr_page' id='page_1' title='image "./operaomniaaccura35auguuoft/operaomniaaccura35auguuoft_0082.png"; bbox 0 0 1843 3190; ppageno 0'>
   <div class='ocr_carea' id='block_1_1' title="bbox 378 292 1367 338">
    <p class='ocr_par' dir='ltr' id='par_1_1' title="bbox 378 292 1367 338">
     <span class='ocr_line' id='line_1_1' title="bbox 378 292 1367 338; baseline 0.002 -16"><span class='ocrx_word' id='word_1_1' title='bbox 378 294 436 338; x_wconf 65' lang='lat'>72</span> <span class='ocrx_word' id='word_1_2' title='bbox 809 293 843 323; x_wconf 88' lang='lat' dir='ltr'>S.</span> <span class='ocrx_word' id='word_1_3' title='bbox 887 292 1128 323; x_wconf 84' lang='lat' dir='ltr'><strong>AUGUSTINI</strong></span> <span class='ocrx_word' id='word_1_4' title='bbox 1164 293 1367 325; x_wconf 89' lang='lat' dir='ltr'>EPISCOPI</span> 
     </span>
    </p>
   </div>
   <div class='ocr_carea' id='block_1_2' title="bbox 333 357 1774 2609">
    <p class='ocr_par' dir='ltr' id='par_1_2' title="bbox 366 357 1766 759">
     <span class='ocr_line' id='line_1_2' title="bbox 373 357 1766 423; baseline 0.003 -20"><span class='ocrx_word' id='word_1_5' title='bbox 373 358 497 404; x_wconf 87' lang='lat' dir='ltr'>sorde</span> <span class='ocrx_word' id='word_1_6' title='bbox 545 369 673 423; x_wconf 84' lang='lat' dir='ltr'>atque</span> <span class='ocrx_word' id='word_1_7' title='bbox 711 368 922 422; x_wconf 74' lang='lat' dir='ltr'>peccam,</span> <span class='ocrx_word' id='word_1_8' title='bbox 966 357 1161 418; x_wconf 82' lang='lat' dir='ltr'>adjunxit</span> <span class='ocrx_word' id='word_1_9' title='bbox 1199 359 1327 405; x_wconf 85' lang='lat' dir='ltr'>etiam</span> <span class='ocrx_word' id='word_1_10' title='bbox 1371 358 1481 405; x_wconf 87' lang='lat' dir='ltr'>illud</span> <span class='ocrx_word' id='word_1_11' title='bbox 1518 359 1766 408; x_wconf 12' lang='lat' dir='ltr'>beatissimi?</span> 
     </span>
     <span class='ocr_line' id='line_1_3' title="bbox 370 428 1747 492; baseline 0.001 -18"><span class='ocrx_word' id='word_1_12' title='bbox 370 428 550 474; x_wconf 82' lang='lat' dir='ltr'>Joannis</span> <span class='ocrx_word' id='word_1_13' title='bbox 569 467 578 485; x_wconf 88' lang='lat'>‚</span> <span class='ocrx_word' id='word_1_14' title='bbox 607 428 726 492; x_wconf 90' lang='lat' dir='ltr'>quod</span> <span class='ocrx_word' id='word_1_15' title='bbox 751 428 901 473; x_wconf 85' lang='lat' dir='ltr'>multis</span> <span class='ocrx_word' id='word_1_16' title='bbox 930 439 972 473; x_wconf 87' lang='lat' dir='ltr'>et</span> <span class='ocrx_word' id='word_1_17' title='bbox 1001 428 1093 474; x_wconf 88' lang='lat' dir='ltr'>aliis</span> <span class='ocrx_word' id='word_1_18' title='bbox 1117 429 1223 475; x_wconf 91' lang='lat' dir='ltr'>locis</span> <span class='ocrx_word' id='word_1_19' title='bbox 1259 446 1374 492; x_wconf 83' lang='lat' dir='ltr'>saepe</span> <span class='ocrx_word' id='word_1_20' title='bbox 1401 442 1714 476; x_wconf 82' lang='lat' dir='ltr'>commemorat</span> <span class='ocrx_word' id='word_1_21' title='bbox 1737 450 1747 476; x_wconf 96' lang='lat'><strong>:</strong></span> 
     </span>
     <span class='ocr_line' id='line_1_4' title="bbox 367 499 1752 564; baseline 0.002 -19"><span class='ocrx_word' id='word_1_22' title='bbox 367 520 387 541; x_wconf 77' lang='grc' dir='ltr'>α</span> <span class='ocrx_word' id='word_1_23' title='bbox 414 501 459 545; x_wconf 77' lang='lat' dir='ltr'>Si</span> <span class='ocrx_word' id='word_1_24' title='bbox 487 500 719 546; x_wconf 80' lang='lat' dir='ltr'>dixerimus</span> <span class='ocrx_word' id='word_1_25' title='bbox 741 500 845 564; x_wconf 87' lang='lat' dir='ltr'>quia</span> <span class='ocrx_word' id='word_1_26' title='bbox 871 510 1100 563; x_wconf 86' lang='lat' dir='ltr'>peccatum</span> <span class='ocrx_word' id='word_1_27' title='bbox 1127 518 1215 546; x_wconf 90' lang='lat' dir='ltr'>non</span> <span class='ocrx_word' id='word_1_28' title='bbox 1240 499 1487 546; x_wconf 76' lang='lat' dir='ltr'>habemus1</span> <span class='ocrx_word' id='word_1_29' title='bbox 1515 518 1527 546; x_wconf 71' lang='grc' dir='ltr'>ε</span> <span class='ocrx_word' id='word_1_30' title='bbox 1556 523 1575 542; x_wconf 75' lang='lat' dir='ltr'>n</span> <span class='ocrx_word' id='word_1_31' title='bbox 1599 512 1642 546; x_wconf 89' lang='lat' dir='ltr'>et</span> <span class='ocrx_word' id='word_1_32' title='bbox 1660 519 1752 548; x_wconf 87' lang='lat' dir='ltr'>cae-</span> 
     </span>
     <span class='ocr_line' id='line_1_5' title="bbox 367 571 1750 635; baseline 0.001 -19"><span class='ocrx_word' id='word_1_33' title='bbox 367 581 455 616; x_wconf 82' lang='lat' dir='ltr'>tera</span> <span class='ocrx_word' id='word_1_34' title='bbox 478 571 668 630; x_wconf 83' lang='lat' dir='ltr'>ejusdem</span> <span class='ocrx_word' id='word_1_35' title='bbox 699 572 922 616; x_wconf 84' lang='lat' dir='ltr'>sententiae</span> <span class='ocrx_word' id='word_1_36' title='bbox 939 608 948 626; x_wconf 81' lang='lat'><strong><em>‚</em></strong></span> <span class='ocrx_word' id='word_1_37' title='bbox 969 587 1070 635; x_wconf 82' lang='lat' dir='ltr'>quae</span> <span class='ocrx_word' id='word_1_38' title='bbox 1093 571 1148 615; x_wconf 87' lang='lat' dir='ltr'>ab</span> <span class='ocrx_word' id='word_1_39' title='bbox 1167 571 1371 616; x_wconf 85' lang='lat' dir='ltr'>omnibus</span> <span class='ocrx_word' id='word_1_40' title='bbox 1399 571 1639 617; x_wconf 84' lang='lat' dir='ltr'>Catholicis</span> <span class='ocrx_word' id='word_1_41' title='bbox 1661 590 1750 618; x_wconf 93' lang='lat' dir='ltr'>non</span> 
     </span>
     <span class='ocr_line' id='line_1_6' title="bbox 367 642 1749 706; baseline 0.002 -21"><span class='ocrx_word' id='word_1_42' title='bbox 367 651 561 687; x_wconf 86' lang='lat' dir='ltr'>tacentur</span> <span class='ocrx_word' id='word_1_43' title='bbox 581 642 783 688; x_wconf 82' lang='lat' dir='ltr'>adversus</span> <span class='ocrx_word' id='word_1_44' title='bbox 811 643 912 688; x_wconf 83' lang='lat' dir='ltr'>istos</span> <span class='ocrx_word' id='word_1_45' title='bbox 928 678 939 697; x_wconf 85' lang='lat'>‚</span> <span class='ocrx_word' id='word_1_46' title='bbox 970 642 1045 705; x_wconf 90' lang='lat' dir='ltr'>qui</span> <span class='ocrx_word' id='word_1_47' title='bbox 1075 659 1116 687; x_wconf 85' lang='lat' dir='ltr'>se</span> <span class='ocrx_word' id='word_1_48' title='bbox 1139 643 1255 706; x_wconf 87' lang='lat' dir='ltr'>ipsos</span> <span class='ocrx_word' id='word_1_49' title='bbox 1276 642 1529 705; x_wconf 83' lang='lat' dir='ltr'>decipiunt,</span> <span class='ocrx_word' id='word_1_50' title='bbox 1558 653 1600 687; x_wconf 88' lang='lat' dir='ltr'>et</span> <span class='ocrx_word' id='word_1_51' title='bbox 1623 643 1668 688; x_wconf 89' lang='lat' dir='ltr'>in</span> <span class='ocrx_word' id='word_1_52' title='bbox 1689 643 1749 688; x_wconf 87' lang='lat' dir='ltr'>eis</span> 
     </span>
     <span class='ocr_line' id='line_1_7' title="bbox 366 722 732 759; baseline 0.005 -3"><span class='ocrx_word' id='word_1_53' title='bbox 366 722 522 757; x_wconf 78' lang='lat' dir='ltr'>veritas</span> <span class='ocrx_word' id='word_1_54' title='bbox 546 730 634 757; x_wconf 92' lang='lat' dir='ltr'>non</span> <span class='ocrx_word' id='word_1_55' title='bbox 658 723 732 759; x_wconf 87' lang='lat' dir='ltr'>est.</span> 
     </span>
    </p>

    <p class='ocr_par' dir='ltr' id='par_1_3' title="bbox 333 782 1774 2609">
     <span class='ocr_line' id='line_1_8' title="bbox 427 782 1748 841; baseline 0.001 -15"><span class='ocrx_word' id='word_1_56' title='bbox 427 783 635 828; x_wconf 66' lang='lat' dir='ltr'>XXVIII.</span> <span class='ocrx_word' id='word_1_57' title='bbox 681 784 865 838; x_wconf 78' lang='lat' dir='ltr'>Dicant,</span> <span class='ocrx_word' id='word_1_58' title='bbox 895 783 927 828; x_wconf 89' lang='lat' dir='ltr'>si</span> <span class='ocrx_word' id='word_1_59' title='bbox 963 783 1125 829; x_wconf 86' lang='lat' dir='ltr'>audent</span> <span class='ocrx_word' id='word_1_60' title='bbox 1157 782 1406 841; x_wconf 80' lang='lat' dir='ltr'>Pelagiani‚</span> <span class='ocrx_word' id='word_1_61' title='bbox 1438 783 1559 827; x_wconf 90' lang='lat' dir='ltr'>hunc</span> <span class='ocrx_word' id='word_1_62' title='bbox 1598 782 1748 828; x_wconf 90' lang='lat' dir='ltr'>homi-</span> 
     </span>
     <span class='ocr_line' id='line_1_9' title="bbox 362 851 1748 915; baseline 0.001 -20"><span class='ocrx_word' id='word_1_63' title='bbox 362 868 460 896; x_wconf 88' lang='lat' dir='ltr'>nem</span> <span class='ocrx_word' id='word_1_64' title='bbox 479 853 561 897; x_wconf 86' lang='lat' dir='ltr'>Dei</span> <span class='ocrx_word' id='word_1_65' title='bbox 580 853 928 898; x_wconf 66' lang='lat' dir='ltr'>Manichaeorum</span> <span class='ocrx_word' id='word_1_66' title='bbox 944 870 1085 898; x_wconf 88' lang='lat' dir='ltr'>errore</span> <span class='ocrx_word' id='word_1_67' title='bbox 1103 869 1355 915; x_wconf 80' lang='lat' dir='ltr'>perversum</span> <span class='ocrx_word' id='word_1_68' title='bbox 1373 889 1383 907; x_wconf 89' lang='lat'>,</span> <span class='ocrx_word' id='word_1_69' title='bbox 1404 852 1506 914; x_wconf 83' lang='lat' dir='ltr'>quia</span> <span class='ocrx_word' id='word_1_70' title='bbox 1523 852 1581 896; x_wconf 87' lang='lat' dir='ltr'>ita</span> <span class='ocrx_word' id='word_1_71' title='bbox 1598 851 1748 897; x_wconf 85' lang='lat' dir='ltr'>laudat</span> 
     </span>
     <span class='ocr_line' id='line_1_10' title="bbox 363 920 1746 976; baseline 0.001 -11"><span class='ocrx_word' id='word_1_72' title='bbox 363 920 545 967; x_wconf 73' lang='lat' dir='ltr'>Sanctos</span> <span class='ocrx_word' id='word_1_73' title='bbox 565 959 574 976; x_wconf 76' lang='grc'><em>,</em></span> <span class='ocrx_word' id='word_1_74' title='bbox 602 933 648 966; x_wconf 80' lang='lat' dir='ltr'>ut</span> <span class='ocrx_word' id='word_1_75' title='bbox 668 932 811 967; x_wconf 87' lang='lat' dir='ltr'>tamen</span> <span class='ocrx_word' id='word_1_76' title='bbox 838 922 1026 968; x_wconf 74' lang='lat' dir='ltr'>fateatur</span> <span class='ocrx_word' id='word_1_77' title='bbox 1047 923 1222 968; x_wconf 88' lang='lat' dir='ltr'>nemine</span> <span class='ocrx_word' id='word_1_78' title='bbox 1277 922 1329 967; x_wconf 87' lang='lat' dir='ltr'>in</span> <span class='ocrx_word' id='word_1_79' title='bbox 1351 922 1435 966; x_wconf 85' lang='lat' dir='ltr'>hac</span> <span class='ocrx_word' id='word_1_80' title='bbox 1461 922 1550 966; x_wconf 83' lang='lat' dir='ltr'>vita</span> <span class='ocrx_word' id='word_1_81' title='bbox 1575 921 1629 966; x_wconf 86' lang='lat' dir='ltr'>ad</span> <span class='ocrx_word' id='word_1_82' title='bbox 1649 933 1746 967; x_wconf 83' lang='lat' dir='ltr'>tan-</span> 
     </span>
     <span class='ocr_line' id='line_1_11' title="bbox 362 991 1747 1056; baseline 0.002 -21"><span class='ocrx_word' id='word_1_83' title='bbox 362 1001 450 1036; x_wconf 85' lang='lat' dir='ltr'>tam</span> <span class='ocrx_word' id='word_1_84' title='bbox 475 991 785 1054; x_wconf 73' lang='lat' dir='ltr'>perfectionem</span> <span class='ocrx_word' id='word_1_85' title='bbox 809 994 1036 1056; x_wconf 77' lang='lat' dir='ltr'>pervenire</span> <span class='ocrx_word' id='word_1_86' title='bbox 1064 993 1205 1053; x_wconf 82' lang='lat' dir='ltr'>justiti</span> <span class='ocrx_word' id='word_1_87' title='bbox 1251 1030 1261 1048; x_wconf 82' lang='lat'>‚</span> <span class='ocrx_word' id='word_1_88' title='bbox 1295 1002 1344 1037; x_wconf 87' lang='lat' dir='ltr'>ut</span> <span class='ocrx_word' id='word_1_89' title='bbox 1370 991 1546 1037; x_wconf 91' lang='lat' dir='ltr'>nullum</span> <span class='ocrx_word' id='word_1_90' title='bbox 1583 992 1747 1038; x_wconf 84' lang='lat' dir='ltr'>habeat</span> 
     </span>
     <span class='ocr_line' id='line_1_12' title="bbox 361 1063 1744 1125; baseline 0.001 -18"><span class='ocrx_word' id='word_1_91' title='bbox 361 1063 539 1108; x_wconf 89' lang='lat' dir='ltr'>omuino</span> <span class='ocrx_word' id='word_1_92' title='bbox 573 1074 805 1125; x_wconf 84' lang='lat' dir='ltr'>peccatum</span> <span class='ocrx_word' id='word_1_93' title='bbox 823 1101 834 1119; x_wconf 78' lang='grc'>,</span> <span class='ocrx_word' id='word_1_94' title='bbox 862 1064 1116 1109; x_wconf 88' lang='lat' dir='ltr'>sententiam</span> <span class='ocrx_word' id='word_1_95' title='bbox 1151 1081 1271 1108; x_wconf 85' lang='lat' dir='ltr'>suam</span> <span class='ocrx_word' id='word_1_96' title='bbox 1296 1063 1640 1108; x_wconf 75' lang='lat' dir='ltr'>testimoniorum</span> <span class='ocrx_word' id='word_1_97' title='bbox 1671 1080 1744 1108; x_wconf 88' lang='lat' dir='ltr'>ca-</span> 
     </span>
     <span class='ocr_line' id='line_1_13' title="bbox 360 1132 1742 1196; baseline 0 -19"><span class='ocrx_word' id='word_1_98' title='bbox 360 1133 620 1178; x_wconf 87' lang='lat' dir='ltr'>nonicorum</span> <span class='ocrx_word' id='word_1_99' title='bbox 646 1134 880 1196; x_wconf 85' lang='lat' dir='ltr'>perspicua</span> <span class='ocrx_word' id='word_1_100' title='bbox 906 1134 1085 1179; x_wconf 72' lang='lat' dir='ltr'>veritate</span> <span class='ocrx_word' id='word_1_101' title='bbox 1106 1144 1148 1178; x_wconf 84' lang='lat' dir='ltr'>et</span> <span class='ocrx_word' id='word_1_102' title='bbox 1177 1133 1325 1178; x_wconf 82' lang='lat' dir='ltr'>divina</span> <span class='ocrx_word' id='word_1_103' title='bbox 1354 1132 1611 1178; x_wconf 82' lang='lat' dir='ltr'>auctoritate</span> <span class='ocrx_word' id='word_1_104' title='bbox 1636 1150 1742 1178; x_wconf 91' lang='lat' dir='ltr'>con-</span> 
     </span>
     <span class='ocr_line' id='line_1_14' title="bbox 361 1202 1743 1266; baseline 0.001 -20"><span class='ocrx_word' id='word_1_105' title='bbox 361 1202 552 1249; x_wconf 85' lang='lat' dir='ltr'>firmans.</span> <span class='ocrx_word' id='word_1_106' title='bbox 602 1204 829 1266; x_wconf 84' lang='lat' dir='ltr'>Numquid</span> <span class='ocrx_word' id='word_1_107' title='bbox 857 1205 971 1249; x_wconf 87' lang='lat' dir='ltr'>enim</span> <span class='ocrx_word' id='word_1_108' title='bbox 1010 1215 1137 1263; x_wconf 81' lang='lat' dir='ltr'>negat</span> <span class='ocrx_word' id='word_1_109' title='bbox 1171 1224 1191 1245; x_wconf 86' lang='lat'>«</span> <span class='ocrx_word' id='word_1_110' title='bbox 1214 1204 1263 1247; x_wconf 93' lang='lat' dir='ltr'>ln</span> <span class='ocrx_word' id='word_1_111' title='bbox 1289 1203 1508 1266; x_wconf 84' lang='lat' dir='ltr'>baptismo</span> <span class='ocrx_word' id='word_1_112' title='bbox 1546 1204 1743 1248; x_wconf 84' lang='lat' dir='ltr'>universa</span> 
     </span>
     <span class='ocr_line' id='line_1_15' title="bbox 359 1272 1742 1337; baseline 0 -21"><span class='ocrx_word' id='word_1_113' title='bbox 359 1284 539 1333; x_wconf 84' lang='lat' dir='ltr'>peccata</span> <span class='ocrx_word' id='word_1_114' title='bbox 559 1272 721 1318; x_wconf 84' lang='lat' dir='ltr'>dimitti</span> <span class='ocrx_word' id='word_1_115' title='bbox 741 1312 750 1329; x_wconf 83' lang='lat'><em>,</em></span> <span class='ocrx_word' id='word_1_116' title='bbox 780 1296 800 1315; x_wconf 71' lang='lat'>&gt;2</span> <span class='ocrx_word' id='word_1_117' title='bbox 825 1275 927 1337; x_wconf 88' lang='lat' dir='ltr'>quia</span> <span class='ocrx_word' id='word_1_118' title='bbox 948 1274 1106 1320; x_wconf 83' lang='lat' dir='ltr'>fatetur</span> <span class='ocrx_word' id='word_1_119' title='bbox 1128 1290 1299 1319; x_wconf 84' lang='lat' dir='ltr'>manere</span> <span class='ocrx_word' id='word_1_120' title='bbox 1317 1272 1590 1332; x_wconf 80' lang='lat' dir='ltr'>fragilitatem</span> <span class='ocrx_word' id='word_1_121' title='bbox 1613 1283 1742 1335; x_wconf 86' lang='lat' dir='ltr'>atque</span> 
     </span>
     <span class='ocr_line' id='line_1_16' title="bbox 360 1341 1741 1407; baseline 0.001 -22"><span class='ocrx_word' id='word_1_122' title='bbox 360 1341 658 1388; x_wconf 85' lang='lat' dir='ltr'>infirmitatem</span> <span class='ocrx_word' id='word_1_123' title='bbox 678 1381 687 1396; x_wconf 85' lang='lat'>‚</span> <span class='ocrx_word' id='word_1_124' title='bbox 713 1343 828 1389; x_wconf 89' lang='lat' dir='ltr'>unde</span> <span class='ocrx_word' id='word_1_125' title='bbox 849 1361 926 1389; x_wconf 88' lang='lat' dir='ltr'>nos</span> <span class='ocrx_word' id='word_1_126' title='bbox 945 1344 1052 1390; x_wconf 86' lang='lat' dir='ltr'>dicit</span> <span class='ocrx_word' id='word_1_127' title='bbox 1068 1361 1249 1407; x_wconf 84' lang='lat' dir='ltr'>peccare</span> <span class='ocrx_word' id='word_1_128' title='bbox 1267 1353 1366 1406; x_wconf 83' lang='lat' dir='ltr'>post</span> <span class='ocrx_word' id='word_1_129' title='bbox 1383 1343 1650 1406; x_wconf 85' lang='lat' dir='ltr'>baptismum</span> <span class='ocrx_word' id='word_1_130' title='bbox 1666 1379 1675 1393; x_wconf 79' lang='grc'>,</span> <span class='ocrx_word' id='word_1_131' title='bbox 1701 1354 1741 1387; x_wconf 85' lang='lat' dir='ltr'>et</span> 
     </span>
     <span class='ocr_line' id='line_1_17' title="bbox 362 1413 1739 1475; baseline 0.001 -19"><span class='ocrx_word' id='word_1_132' title='bbox 362 1428 495 1475; x_wconf 86' lang='lat' dir='ltr'>usque</span> <span class='ocrx_word' id='word_1_133' title='bbox 518 1414 562 1458; x_wconf 91' lang='lat' dir='ltr'>in</span> <span class='ocrx_word' id='word_1_134' title='bbox 594 1414 725 1473; x_wconf 84' lang='lat' dir='ltr'>hujus</span> <span class='ocrx_word' id='word_1_135' title='bbox 747 1415 848 1459; x_wconf 75' lang='lat' dir='ltr'>vitae</span> <span class='ocrx_word' id='word_1_136' title='bbox 873 1417 1003 1460; x_wconf 88' lang='lat' dir='ltr'>finem</span> <span class='ocrx_word' id='word_1_137' title='bbox 1028 1432 1131 1460; x_wconf 89' lang='lat' dir='ltr'>cum</span> <span class='ocrx_word' id='word_1_138' title='bbox 1163 1414 1411 1459; x_wconf 85' lang='lat' dir='ltr'>carnalibus</span> <span class='ocrx_word' id='word_1_139' title='bbox 1440 1414 1555 1459; x_wconf 67' lang='lat' dir='ltr'>vitiis</span> <span class='ocrx_word' id='word_1_140' title='bbox 1577 1413 1739 1457; x_wconf 83' lang='lat' dir='ltr'>indesi-</span> 
     </span>
     <span class='ocr_line' id='line_1_18' title="bbox 360 1484 1735 1540; baseline 0.001 -14"><span class='ocrx_word' id='word_1_141' title='bbox 360 1493 530 1528; x_wconf 78' lang='lat' dir='ltr'>nentem</span> <span class='ocrx_word' id='word_1_142' title='bbox 567 1484 729 1529; x_wconf 82' lang='lat' dir='ltr'>habere</span> <span class='ocrx_word' id='word_1_143' title='bbox 765 1486 1051 1530; x_wconf 55' lang='lat' dir='ltr'>conflictum?</span> <span class='ocrx_word' id='word_1_144' title='bbox 1087 1487 1174 1530; x_wconf 88' lang='lat' dir='ltr'>Aut</span> <span class='ocrx_word' id='word_1_145' title='bbox 1206 1485 1304 1529; x_wconf 88' lang='lat' dir='ltr'>ideo</span> <span class='ocrx_word' id='word_1_146' title='bbox 1337 1502 1424 1529; x_wconf 89' lang='lat' dir='ltr'>non</span> <span class='ocrx_word' id='word_1_147' title='bbox 1458 1484 1735 1540; x_wconf 77' lang='lat' dir='ltr'>meminerat,</span> 
     </span>
     <span class='ocr_line' id='line_1_19' title="bbox 357 1552 1738 1617; baseline 0.001 -20"><span class='ocrx_word' id='word_1_148' title='bbox 357 1552 465 1615; x_wconf 83' lang='lat' dir='ltr'>quid</span> <span class='ocrx_word' id='word_1_149' title='bbox 489 1574 509 1593; x_wconf 86' lang='lat'>«</span> <span class='ocrx_word' id='word_1_150' title='bbox 534 1554 595 1598; x_wconf 85' lang='lat' dir='ltr'>De</span> <span class='ocrx_word' id='word_1_151' title='bbox 614 1554 894 1600; x_wconf 78' lang='lat' dir='ltr'>immaculata</span> <span class='ocrx_word' id='word_1_152' title='bbox 916 1555 1144 1601; x_wconf 85' lang='lat' dir='ltr'>Ecclesia»</span> <span class='ocrx_word' id='word_1_153' title='bbox 1165 1555 1336 1600; x_wconf 76' lang='lat' dir='ltr'>dixisset</span> <span class='ocrx_word' id='word_1_154' title='bbox 1355 1554 1587 1617; x_wconf 85' lang='lat' dir='ltr'>Apostolus</span> <span class='ocrx_word' id='word_1_155' title='bbox 1602 1591 1613 1610; x_wconf 87' lang='grc'>,</span> <span class='ocrx_word' id='word_1_156' title='bbox 1636 1555 1738 1617; x_wconf 83' lang='lat' dir='ltr'>quia</span> 
     </span>
     <span class='ocr_line' id='line_1_20' title="bbox 357 1626 1737 1691; baseline 0.001 -22"><span class='ocrx_word' id='word_1_157' title='bbox 357 1626 570 1689; x_wconf 83' lang='lat' dir='ltr'>praecepit</span> <span class='ocrx_word' id='word_1_158' title='bbox 605 1628 820 1672; x_wconf 76' lang='lat' dir='ltr'>neminem</span> <span class='ocrx_word' id='word_1_159' title='bbox 857 1629 917 1673; x_wconf 88' lang='lat' dir='ltr'>sic</span> <span class='ocrx_word' id='word_1_160' title='bbox 941 1629 1022 1674; x_wconf 82' lang='lat' dir='ltr'>sibi</span> <span class='ocrx_word' id='word_1_161' title='bbox 1065 1629 1117 1674; x_wconf 88' lang='lat' dir='ltr'>de</span> <span class='ocrx_word' id='word_1_162' title='bbox 1150 1645 1263 1691; x_wconf 87' lang='lat' dir='ltr'>puro</span> <span class='ocrx_word' id='word_1_163' title='bbox 1302 1639 1428 1691; x_wconf 86' lang='lat' dir='ltr'>atque</span> <span class='ocrx_word' id='word_1_164' title='bbox 1455 1626 1737 1673; x_wconf 83' lang='lat' dir='ltr'>immaculato</span> 
     </span>
     <span class='ocr_line' id='line_1_21' title="bbox 356 1696 1737 1758; baseline 0.001 -18"><span class='ocrx_word' id='word_1_165' title='bbox 356 1707 532 1758; x_wconf 84' lang='lat' dir='ltr'>pectore</span> <span class='ocrx_word' id='word_1_166' title='bbox 545 1697 700 1742; x_wconf 86' lang='lat' dir='ltr'>debere</span> <span class='ocrx_word' id='word_1_167' title='bbox 719 1697 955 1748; x_wconf 69' lang='lat' dir='ltr'>blandiri2,</span> <span class='ocrx_word' id='word_1_168' title='bbox 986 1709 1032 1743; x_wconf 89' lang='lat' dir='ltr'>ut</span> <span class='ocrx_word' id='word_1_169' title='bbox 1055 1699 1302 1743; x_wconf 88' lang='lat' dir='ltr'>innocentia</span> <span class='ocrx_word' id='word_1_170' title='bbox 1323 1715 1398 1743; x_wconf 88' lang='lat' dir='ltr'>sua</span> <span class='ocrx_word' id='word_1_171' title='bbox 1418 1696 1574 1751; x_wconf 76' lang='lat' dir='ltr'>fretus,</span> <span class='ocrx_word' id='word_1_172' title='bbox 1593 1696 1737 1741; x_wconf 85' lang='lat' dir='ltr'>medi·-</span> 
     </span>
     <span class='ocr_line' id='line_1_22' title="bbox 357 1766 1735 1832; baseline 0.001 -22"><span class='ocrx_word' id='word_1_173' title='bbox 357 1766 501 1811; x_wconf 82' lang='lat' dir='ltr'>cinam</span> <span class='ocrx_word' id='word_1_174' title='bbox 537 1784 625 1812; x_wconf 89' lang='lat' dir='ltr'>non</span> <span class='ocrx_word' id='word_1_175' title='bbox 666 1779 792 1830; x_wconf 85' lang='lat' dir='ltr'>putet</span> <span class='ocrx_word' id='word_1_176' title='bbox 839 1769 1137 1814; x_wconf 80' lang='lat' dir='ltr'>adhibendam</span> <span class='ocrx_word' id='word_1_177' title='bbox 1178 1786 1264 1814; x_wconf 88' lang='lat' dir='ltr'>esse</span> <span class='ocrx_word' id='word_1_178' title='bbox 1298 1768 1582 1832; x_wconf 66' lang='lat' dir='ltr'>vulneribus?</span> <span class='ocrx_word' id='word_1_179' title='bbox 1621 1768 1735 1811; x_wconf 78' lang='lat' dir='ltr'>Puto</span> 
     </span>
     <span class='ocr_line' id='line_1_23' title="bbox 356 1836 1733 1899; baseline -0.001 -17"><span class='ocrx_word' id='word_1_180' title='bbox 356 1837 476 1899; x_wconf 85' lang='lat' dir='ltr'>quod</span> <span class='ocrx_word' id='word_1_181' title='bbox 516 1839 757 1884; x_wconf 79' lang='lat' dir='ltr'>concedant</span> <span class='ocrx_word' id='word_1_182' title='bbox 795 1840 896 1884; x_wconf 89' lang='lat' dir='ltr'>novi</span> <span class='ocrx_word' id='word_1_183' title='bbox 932 1840 1129 1885; x_wconf 75' lang='lat' dir='ltr'>liaeretici</span> <span class='ocrx_word' id='word_1_184' title='bbox 1167 1839 1273 1884; x_wconf 88' lang='lat' dir='ltr'>huic</span> <span class='ocrx_word' id='word_1_185' title='bbox 1306 1838 1477 1883; x_wconf 88' lang='lat' dir='ltr'>homini</span> <span class='ocrx_word' id='word_1_186' title='bbox 1513 1836 1733 1881; x_wconf 86' lang='lat' dir='ltr'>catholico</span> 
     </span>
     <span class='ocr_line' id='line_1_24' title="bbox 354 1906 1732 1972; baseline -0.001 -21"><span class='ocrx_word' id='word_1_187' title='bbox 354 1908 486 1964; x_wconf 85' lang='lat' dir='ltr'>scire,</span> <span class='ocrx_word' id='word_1_188' title='bbox 516 1930 535 1950; x_wconf 75' lang='grc' dir='ltr'>α</span> <span class='ocrx_word' id='word_1_189' title='bbox 564 1910 775 1972; x_wconf 84' lang='lat' dir='ltr'>Spiritum</span> <span class='ocrx_word' id='word_1_190' title='bbox 801 1921 1000 1955; x_wconf 86' lang='lat' dir='ltr'>sanctum</span> <span class='ocrx_word' id='word_1_191' title='bbox 1025 1920 1188 1954; x_wconf 80' lang='lat' dir='ltr'>mentes</span> <span class='ocrx_word' id='word_1_192' title='bbox 1210 1909 1347 1954; x_wconf 86' lang='lat' dir='ltr'>bonas</span> <span class='ocrx_word' id='word_1_193' title='bbox 1381 1909 1509 1952; x_wconf 88' lang='lat' dir='ltr'>etiam</span> <span class='ocrx_word' id='word_1_194' title='bbox 1546 1906 1732 1969; x_wconf 81' lang='lat' dir='ltr'>antiquis</span> 
     </span>
     <span class='ocr_line' id='line_1_25' title="bbox 353 1977 1726 2043; baseline 0 -21"><span class='ocrx_word' id='word_1_195' title='bbox 353 1980 625 2042; x_wconf 85' lang='lat' dir='ltr'>temporibus</span> <span class='ocrx_word' id='word_1_196' title='bbox 662 1981 908 2041; x_wconf 73' lang='lat' dir='ltr'>adjuvisse:</span> <span class='ocrx_word' id='word_1_197' title='bbox 939 2004 958 2022; x_wconf 85' lang='grc'>»</span> <span class='ocrx_word' id='word_1_198' title='bbox 980 1982 1069 2026; x_wconf 88' lang='lat' dir='ltr'>imo</span> <span class='ocrx_word' id='word_1_199' title='bbox 1107 1981 1235 2026; x_wconf 88' lang='lat' dir='ltr'>etiam</span> <span class='ocrx_word' id='word_1_200' title='bbox 1271 1980 1391 2043; x_wconf 88' lang='lat' dir='ltr'>quod</span> <span class='ocrx_word' id='word_1_201' title='bbox 1427 1980 1507 2042; x_wconf 76' lang='lat' dir='ltr'>ipsi</span> <span class='ocrx_word' id='word_1_202' title='bbox 1549 1977 1726 2032; x_wconf 85' lang='lat' dir='ltr'>nolunt,</span> 
     </span>
     <span class='ocr_line' id='line_1_26' title="bbox 351 2049 1730 2115; baseline -0.001 -21"><span class='ocrx_word' id='word_1_203' title='bbox 351 2065 431 2094; x_wconf 89' lang='lat' dir='ltr'>nec</span> <span class='ocrx_word' id='word_1_204' title='bbox 456 2062 618 2096; x_wconf 87' lang='lat' dir='ltr'>mentes</span> <span class='ocrx_word' id='word_1_205' title='bbox 641 2051 778 2097; x_wconf 88' lang='lat' dir='ltr'>bonas</span> <span class='ocrx_word' id='word_1_206' title='bbox 807 2069 876 2098; x_wconf 91' lang='lat' dir='ltr'>eos</span> <span class='ocrx_word' id='word_1_207' title='bbox 899 2053 980 2097; x_wconf 78' lang='lat' dir='ltr'>nisi</span> <span class='ocrx_word' id='word_1_208' title='bbox 1003 2070 1080 2115; x_wconf 88' lang='lat' dir='ltr'>per</span> <span class='ocrx_word' id='word_1_209' title='bbox 1115 2051 1329 2115; x_wconf 85' lang='lat' dir='ltr'>Spiritum</span> <span class='ocrx_word' id='word_1_210' title='bbox 1350 2061 1546 2096; x_wconf 84' lang='lat' dir='ltr'>sanctum</span> <span class='ocrx_word' id='word_1_211' title='bbox 1568 2049 1730 2094; x_wconf 86' lang='lat' dir='ltr'>habere</span> 
     </span>
     <span class='ocr_line' id='line_1_27' title="bbox 348 2119 1730 2186; baseline -0.001 -22"><span class='ocrx_word' id='word_1_212' title='bbox 348 2120 552 2181; x_wconf 88' lang='lat' dir='ltr'>potuisse.</span> <span class='ocrx_word' id='word_1_213' title='bbox 579 2143 599 2163; x_wconf 83' lang='lat'>«</span> <span class='ocrx_word' id='word_1_214' title='bbox 621 2124 735 2168; x_wconf 90' lang='lat' dir='ltr'>Puto</span> <span class='ocrx_word' id='word_1_215' title='bbox 756 2123 872 2186; x_wconf 89' lang='lat' dir='ltr'>quod</span> <span class='ocrx_word' id='word_1_216' title='bbox 900 2140 1046 2168; x_wconf 89' lang='lat' dir='ltr'>omnes</span> <span class='ocrx_word' id='word_1_217' title='bbox 1070 2123 1315 2186; x_wconf 83' lang='lat' dir='ltr'>Prophetas</span> <span class='ocrx_word' id='word_1_218' title='bbox 1339 2132 1380 2167; x_wconf 85' lang='lat' dir='ltr'>et</span> <span class='ocrx_word' id='word_1_219' title='bbox 1410 2119 1637 2183; x_wconf 88' lang='lat' dir='ltr'>Apostolos</span> <span class='ocrx_word' id='word_1_220' title='bbox 1662 2119 1730 2164; x_wconf 89' lang='lat' dir='ltr'>vel</span> 
     </span>
     <span class='ocr_line' id='line_1_28' title="bbox 346 2189 1728 2257; baseline 0 -24"><span class='ocrx_word' id='word_1_221' title='bbox 346 2190 565 2251; x_wconf 82' lang='lat' dir='ltr'>quoslibet</span> <span class='ocrx_word' id='word_1_222' title='bbox 587 2191 792 2249; x_wconf 73' lang='lat' dir='ltr'>sanctos,</span> <span class='ocrx_word' id='word_1_223' title='bbox 814 2194 886 2256; x_wconf 84' lang='lat' dir='ltr'>qui</span> <span class='ocrx_word' id='word_1_224' title='bbox 908 2194 1099 2239; x_wconf 88' lang='lat' dir='ltr'>Domino</span> <span class='ocrx_word' id='word_1_225' title='bbox 1123 2209 1402 2257; x_wconf 87' lang='lat' dir='ltr'>quocumque</span> <span class='ocrx_word' id='word_1_226' title='bbox 1420 2202 1616 2253; x_wconf 86' lang='lat' dir='ltr'>tempore</span> <span class='ocrx_word' id='word_1_227' title='bbox 1633 2189 1728 2252; x_wconf 87' lang='lat' dir='ltr'>pla-</span> 
     </span>
     <span class='ocr_line' id='line_1_29' title="bbox 346 2261 1728 2326; baseline 0 -23"><span class='ocrx_word' id='word_1_228' title='bbox 346 2271 553 2316; x_wconf 82' lang='lat' dir='ltr'>cuerunt,</span> <span class='ocrx_word' id='word_1_229' title='bbox 586 2279 674 2307; x_wconf 91' lang='lat' dir='ltr'>non</span> <span class='ocrx_word' id='word_1_230' title='bbox 703 2263 749 2307; x_wconf 87' lang='lat' dir='ltr'>in</span> <span class='ocrx_word' id='word_1_231' title='bbox 786 2264 1111 2326; x_wconf 83' lang='lat' dir='ltr'>comparatione</span> <span class='ocrx_word' id='word_1_232' title='bbox 1145 2263 1473 2316; x_wconf 83' lang='lat' dir='ltr'>sceleratorum,</span> <span class='ocrx_word' id='word_1_233' title='bbox 1511 2261 1622 2305; x_wconf 83' lang='lat' dir='ltr'>sicut</span> <span class='ocrx_word' id='word_1_234' title='bbox 1652 2275 1728 2304; x_wconf 88' lang='lat' dir='ltr'>nos</span> 
     </span>
     <span class='ocr_line' id='line_1_30' title="bbox 342 2329 1727 2393; baseline 0.001 -20"><span class='ocrx_word' id='word_1_235' title='bbox 342 2329 413 2374; x_wconf 87' lang='lat' dir='ltr'>isti</span> <span class='ocrx_word' id='word_1_236' title='bbox 455 2330 598 2378; x_wconf 87' lang='lat' dir='ltr'>dicere</span> <span class='ocrx_word' id='word_1_237' title='bbox 639 2333 979 2389; x_wconf 81' lang='lat' dir='ltr'>calumniantur,</span> <span class='ocrx_word' id='word_1_238' title='bbox 1029 2334 1103 2379; x_wconf 87' lang='lat' dir='ltr'>sed</span> <span class='ocrx_word' id='word_1_239' title='bbox 1148 2333 1295 2393; x_wconf 86' lang='lat' dir='ltr'>regula</span> <span class='ocrx_word' id='word_1_240' title='bbox 1332 2333 1544 2378; x_wconf 81' lang='lat' dir='ltr'>virtutum</span> <span class='ocrx_word' id='word_1_241' title='bbox 1569 2368 1578 2381; x_wconf 77' lang='grc'>,</span> <span class='ocrx_word' id='word_1_242' title='bbox 1615 2331 1727 2376; x_wconf 90' lang='lat' dir='ltr'>sicut</span> 
     </span>
     <span class='ocr_line' id='line_1_31' title="bbox 339 2399 1725 2465; baseline 0.001 -21"><span class='ocrx_word' id='word_1_243' title='bbox 339 2416 382 2444; x_wconf 89' lang='lat' dir='ltr'>se</span> <span class='ocrx_word' id='word_1_244' title='bbox 412 2399 554 2447; x_wconf 85' lang='lat' dir='ltr'>dicere</span> <span class='ocrx_word' id='word_1_245' title='bbox 587 2403 840 2462; x_wconf 77' lang='lat' dir='ltr'>gloriantur,</span> <span class='ocrx_word' id='word_1_246' title='bbox 863 2408 1004 2464; x_wconf 83' lang='lat' dir='ltr'>justos</span> <span class='ocrx_word' id='word_1_247' title='bbox 1037 2404 1165 2449; x_wconf 87' lang='lat' dir='ltr'>fuisse</span> <span class='ocrx_word' id='word_1_248' title='bbox 1200 2413 1377 2449; x_wconf 82' lang='lat' dir='ltr'>noverat</span> <span class='ocrx_word' id='word_1_249' title='bbox 1404 2402 1675 2465; x_wconf 64' lang='lat' dir='ltr'>Cyprianus,</span> <span class='ocrx_word' id='word_1_250' title='bbox 1704 2422 1725 2443; x_wconf 87' lang='grc'>»</span> 
     </span>
     <span class='ocr_line' id='line_1_32' title="bbox 333 2469 1723 2536; baseline 0.001 -22"><span class='ocrx_word' id='word_1_251' title='bbox 333 2469 411 2532; x_wconf 90' lang='lat' dir='ltr'>qui</span> <span class='ocrx_word' id='word_1_252' title='bbox 432 2480 573 2517; x_wconf 84' lang='lat' dir='ltr'>tamen</span> <span class='ocrx_word' id='word_1_253' title='bbox 599 2472 707 2518; x_wconf 86' lang='lat' dir='ltr'>dicit</span> <span class='ocrx_word' id='word_1_254' title='bbox 729 2491 739 2518; x_wconf 76' lang='grc' dir='ltr'>ι</span> <span class='ocrx_word' id='word_1_255' title='bbox 771 2475 906 2519; x_wconf 83' lang='lat' dir='ltr'>Nemo</span> <span class='ocrx_word' id='word_1_256' title='bbox 926 2492 1012 2519; x_wconf 84' lang='lat' dir='ltr'>esse</span> <span class='ocrx_word' id='word_1_257' title='bbox 1033 2474 1121 2519; x_wconf 89' lang='lat' dir='ltr'>sine</span> <span class='ocrx_word' id='word_1_258' title='bbox 1144 2484 1326 2536; x_wconf 82' lang='lat' dir='ltr'>peccato</span> <span class='ocrx_word' id='word_1_259' title='bbox 1346 2482 1491 2535; x_wconf 82' lang='lat' dir='ltr'>potest</span> <span class='ocrx_word' id='word_1_260' title='bbox 1508 2509 1518 2527; x_wconf 83' lang='lat'>,</span> <span class='ocrx_word' id='word_1_261' title='bbox 1539 2481 1580 2517; x_wconf 87' lang='lat' dir='ltr'>et</span> <span class='ocrx_word' id='word_1_262' title='bbox 1597 2470 1723 2534; x_wconf 90' lang='lat' dir='ltr'>quis-</span> 
     </span>
     <span class='ocr_line' id='line_1_33' title="bbox 334 2539 1774 2609; baseline 0.002 -25"><span class='ocrx_word' id='word_1_263' title='bbox 334 2539 430 2602; x_wconf 84' lang='lat' dir='ltr'>quis</span> <span class='ocrx_word' id='word_1_264' title='bbox 448 2558 490 2586; x_wconf 88' lang='lat' dir='ltr'>se</span> <span class='ocrx_word' id='word_1_265' title='bbox 511 2542 787 2607; x_wconf 85' lang='lat' dir='ltr'>inculpatum</span> <span class='ocrx_word' id='word_1_266' title='bbox 814 2545 967 2591; x_wconf 82' lang='lat' dir='ltr'>dixerit</span> <span class='ocrx_word' id='word_1_267' title='bbox 982 2582 994 2601; x_wconf 88' lang='grc'>,</span> <span class='ocrx_word' id='word_1_268' title='bbox 1018 2555 1093 2592; x_wconf 83' lang='lat' dir='ltr'>aut</span> <span class='ocrx_word' id='word_1_269' title='bbox 1106 2544 1346 2609; x_wconf 75' lang='lat' dir='ltr'>superbu8‚</span> <span class='ocrx_word' id='word_1_270' title='bbox 1370 2553 1445 2588; x_wconf 85' lang='lat' dir='ltr'>aut</span> <span class='ocrx_word' id='word_1_271' title='bbox 1460 2541 1616 2587; x_wconf 87' lang='lat' dir='ltr'>stultus</span> <span class='ocrx_word' id='word_1_272' title='bbox 1634 2551 1712 2587; x_wconf 85' lang='lat' dir='ltr'>est.</span> <span class='ocrx_word' id='word_1_273' title='bbox 1770 2602 1774 2605; x_wconf 21' lang='grc' dir='ltr'><strong><em>Δ</em></strong></span> 
     </span>
    </p>
   </div>
   <div class='ocr_carea' id='block_1_3' title="bbox 382 2622 1006 2670">
    <p class='ocr_par' dir='ltr' id='par_1_4' title="bbox 382 2622 1006 2670">
     <span class='ocr_line' id='line_1_34' title="bbox 382 2622 1006 2670; baseline 0.01 -17"><span class='ocrx_word' id='word_1_274' title='bbox 382 2622 391 2644; x_wconf 80' lang='lat'><strong>¹</strong></span> <span class='ocrx_word' id='word_1_275' title='bbox 414 2636 425 2653; x_wconf 83' lang='lat'>1</span> <span class='ocrx_word' id='word_1_276' title='bbox 448 2626 544 2658; x_wconf 85' lang='lat' dir='ltr'>Joau.</span> <span class='ocrx_word' id='word_1_277' title='bbox 571 2637 598 2662; x_wconf 86' lang='lat'>1,</span> <span class='ocrx_word' id='word_1_278' title='bbox 619 2625 737 2656; x_wconf 83' lang='lat'>8.—2</span> <span class='ocrx_word' id='word_1_279' title='bbox 757 2626 877 2670; x_wconf 82' lang='lat' dir='ltr'>Ephes.</span> <span class='ocrx_word' id='word_1_280' title='bbox 899 2638 930 2665; x_wconf 86' lang='lat' dir='ltr'>v,</span> <span class='ocrx_word' id='word_1_281' title='bbox 950 2639 1006 2666; x_wconf 81' lang='lat'>27.</span> 
     </span>
    </p>
   </div>
  </div>
 </body>
</html>
