1843 3190
320 315 495 347 CONTRA
529 316 755 348 JULIANUM
790 315 1095 357 PELAGIAN11M‚
1134 318 1222 348 LIB.
1266 319 1336 348 ΙΠ.
1417 300 1500 364 187

126 393 268 429 nostra
288 381 529 445 Collatione
550 381 776 436 confectis,
804 399 955 427 eorum
985 381 1355 428 contunderemus
1380 383 1504 427 inve-

125 452 396 508 secundiani,
421 462 463 497 et
484 452 813 514 reprimeremus
839 452 1079 498 audaciam.
1105 452 1253 497 Vestra
1269 469 1371 498 vero
1388 452 1506 514 apud
1544 496 1549 501 .

125 533 371 586 competens
404 521 624 581 judicium
666 522 970 567 communium
1022 522 1329 585 episcoporum
1374 521 1504 567 modo

126 609 253 655 causa
278 592 399 636 finita
435 601 527 636 est:
564 607 642 635 nec
672 590 858 653 amplius
892 591 1123 636 vobiscum
1158 591 1374 650 agendum
1404 601 1467 637 est
1490 628 1500 641 ,

124 672 335 725 quantum
362 661 416 706 ad
439 665 508 720 jus
532 660 736 705 examinis
760 661 947 723 pertinet
965 697 975 716 ,
1012 661 1092 705 nisi
1128 671 1177 705 ut
1200 660 1416 723 prolatam
1450 660 1504 705 de

124 733 208 778 hac
228 750 272 778 re
295 733 548 778 sententiam
572 748 673 776 cum
693 748 802 793 pace
837 731 1077 794 sequamini
1111 749 1122 776 ε
1150 731 1269 794 quod
1298 730 1331 776 si
1355 731 1502 776 nolue-

123 804 232 856 ritis,
251 821 275 848 a
293 803 543 848 turbulenta
562 802 628 847 vet
642 801 844 846 insidiosa
866 801 1167 864 inquictudine
1187 802 1496 848 cohibeamini.

125 873 291 919 Similes
317 884 459 919 autem
489 873 635 935 potius
663 873 760 917 estis
795 873 1141 926 5³1³aximianistis⁹
1178 873 1254 935 qui
1278 873 1502 935 cupientes

123 944 393 1002 exiguitatem
412 960 541 1005 suam>
562 942 739 987 nomine
760 942 908 987 saltem
929 942 1177 987 certaminis
1205 942 1435 997 consolari,
1460 953 1502 988 et

122 1014 218 1059 ideo
255 1014 388 1059 videri
427 1013 590 1075 aliquid
631 1012 750 1075 apud
794 1031 863 1058 eos
884 1050 894 1067 ‚
945 1014 1105 1075 quibus
1149 1013 1501 1075 contemptibiles

123 1094 261 1137 erant,
285 1083 387 1146 quia
413 1083 520 1127 inire
540 1082 770 1127 nobiscum
797 1084 1038 1127 sinerentur
1067 1099 1267 1135 examen3
1290 1082 1501 1144 interpel-

120 1154 257 1198 lantes
282 1171 353 1198 eos
367 1164 408 1198 et
430 1152 626 1198 libellum
656 1152 806 1197 dantes
830 1163 1205 1214 provocantesque
1229 1152 1499 1215 contempsi-

122 1241 232 1270 mus.
257 1224 395 1283 Magis
428 1224 541 1268 enim
579 1223 632 1267 de
660 1223 894 1267 certamine
922 1223 1134 1267 nominari
1164 1221 1496 1277 desiderabant,

122 1310 251 1356 quam
274 1292 573 1338 formidabant
590 1292 634 1337 in
653 1293 887 1337 certamine
911 1293 1132 1355 superari:
1162 1309 1241 1336 nec
1267 1292 1502 1354 sperabant

121 1363 316 1409 Victoriae
350 1362 531 1422 gloriam
554 1399 565 1418 ,
598 1362 668 1407 sed
702 1362 862 1407 famam
897 1363 1175 1424 requirebant
1209 1361 1464 1406 Collationis
1485 1398 1496 1408 .

122 1433 224 1495 quia
261 1431 552 1477 multitudinis
583 1449 669 1476 non
699 1431 939 1477 habebant.
980 1432 1024 1476 Si
1051 1448 1150 1490 ergo
1185 1431 1348 1492 putatis
1367 1467 1376 1485 ‚
1402 1430 1499 1475 idco

119 1519 194 1548 vos
216 1520 302 1548 esse
328 1503 509 1548 victores
526 1538 538 1558 ,
562 1502 663 1564 quia
691 1518 781 1548 non
801 1501 926 1548 vobis
950 1501 1101 1546 datum
1134 1512 1197 1545 est
1220 1500 1344 1562 quale
1376 1500 1495 1544 desi-

121 1573 277 1618 deratis
317 1590 524 1626 examen3
568 1572 894 1617 Maximianistae
928 1589 1001 1616 vos
1036 1571 1089 1616 ad
1125 1571 1205 1615 ista
1246 1569 1499 1632 vaniloquia

120 1654 456 1706 praecesserunt:
491 1643 689 1705 quamvis
718 1642 885 1687 dederit
910 1642 1033 1688 vobis
1069 1640 1256 1686 Ecclesia
1278 1639 1499 1685 catholica

116 1714 334 1773 judicium
350 1750 360 1768 ‚
381 1712 509 1777 quale
528 1712 699 1766 debuit‚
730 1712 807 1757 uhi
831 1729 960 1757 causa
982 1722 1118 1756 vestra
1146 1711 1266 1755 finita
1291 1720 1352 1754 est
1375 1726 1384 1753 :
1416 1708 1500 1754 illis

123 1794 267 1828 autem
294 1783 464 1828 nullum
502 1782 603 1827 dare
626 1782 800 1841 dignata
825 1793 916 1835 est;
944 1782 1046 1844 quia
1072 1797 1156 1826 non
1185 1798 1207 1825 a
1233 1779 1360 1825 nobis
1389 1780 1501 1823 sicut

121 1871 198 1899 vos
215 1890 226 1909 ‚
249 1853 323 1898 sed
351 1872 373 1898 a
408 1853 642 1898 Donatistis
664 1854 836 1897 fuerant
861 1853 1079 1911 segregati.
1109 1851 1155 1897 Si
1177 1860 1319 1895 autem
1339 1849 1384 1894 in
1401 1849 1501 1893 Ma·-

121 1925 370 1969 ximianistis
391 1923 544 1969 videtis
563 1941 651 1968 non
675 1940 760 1968 esse
780 1939 1060 1984 consequens,
1082 1932 1130 1966 ut
1148 1921 1223 1984 qui
1245 1918 1439 1965 conferre
1455 1919 1502 1963 in

122 1995 267 2058 aliquo
286 1995 454 2054 judicio
485 2012 572 2040 non
596 1995 827 2049 sinuntur,
853 1993 1002 2057 putari
1029 1993 1214 2038 debeant
1238 1991 1291 2036 de
1324 1991 1501 2037 veritate

122 2065 371 2111 confidere:
402 2065 534 2110 nolite
569 2064 747 2109 ulterius
779 2064 879 2108 haec
917 2080 1025 2109 vana
1049 2066 1244 2122 jactare3
1287 2060 1499 2123 vobisque

120 2135 306 2181 sufficiat
321 2173 330 2191 ‚
355 2136 472 2199 quod
498 2153 571 2181 vos
593 2135 785 2180 Ecclesia
805 2133 1021 2179 catholica
1055 2144 1097 2178 et
1115 2143 1308 2178 materna
1323 2131 1500 2177 lenitate

122 2207 354 2259 sustinuit,
383 2217 424 2251 et
444 2205 674 2265 judiciaria
694 2205 944 2259 severitate,
977 2204 1045 2249 vel
1077 2204 1224 2266 potius
1255 2200 1503 2247 medicinali

122 2277 372 2322 necessitate
390 2276 628 2321 damnavit.
1126 2332 1130 2335 -

188 2348 263 2392 Π.
292 2346 375 2392 Sed
415 2364 466 2391 ne
502 2345 730 2408 superfluis
770 2345 1075 2400 immoremur,
1099 2344 1254 2389 omitto
1292 2340 1505 2387 tumultus

123 2417 450 2463 maledictorum
474 2428 516 2462 ct
549 2415 846 2466 conviciorum
869 2426 1065 2470 tuorum,
1094 2415 1184 2459 sive
1208 2429 1307 2477 quae
1321 2413 1366 2457 in
1383 2413 1504 2475 prin-

124 2488 240 2550 cipio
271 2487 517 2547 congessisti
540 2487 681 2550 operis
709 2486 800 2542 tui,
827 2487 913 2532 sive
935 2502 1035 2549 quae
1058 2502 1136 2547 per
1161 2500 1307 2529 omnes
1333 2482 1506 2528 eosdem

123 2568 311 2622 quatuor
334 2558 468 2603 libros
497 2575 607 2620 pene
632 2574 847 2620 nusquam
870 2573 1070 2620 spargere
1091 2555 1289 2600 destitisti
1306 2573 1317 2606 3
1334 2569 1387 2598 ne
1409 2569 1504 2611 gra-

125 2629 254 2674 vibus
275 2628 529 2677 hominibus
565 2638 715 2674 neuter
738 2638 935 2680 nostrum
966 2627 1215 2690 disputator
1238 2622 1379 2684 gravis
1396 2658 1408 2678 ,
1430 2621 1504 2667 sed
