1843 3190
0 2733 15 3190 E—l———n———i—gm-Lss
11 2696 15 2729 -..

326 325 501 358 CONTRA
535 323 764 357 JULIANUM
800 321 1107 368 PELAGIANUM,
1146 327 1234 357 Lm.
1276 328 1307 358 1.
1418 327 1507 376 119

129 403 237 440 turae
261 409 350 439 suae
375 410 397 438 a
421 391 581 437 malitia
605 391 844 439 reformari.
875 392 994 438 Dicit
1017 429 1028 448 ,
1074 390 1213 437 solum
1250 407 1296 436 ex
1324 391 1435 436 natis
1451 392 1504 438 de

126 463 307 509 foemina
326 473 524 508 sanctum
547 462 780 507 Dominum
806 462 973 516 Jesum,
1001 461 1120 507 nulla
1145 471 1326 505 terrenae
1352 472 1505 505 conta-

130 534 193 593 gia
221 531 933 596 corruptelaeimmaculatipartus
954 533 1143 576 novitate
1157 531 1342 577 sensisse.
1367 531 1502 586 Dicit,

130 603 249 666 quod
283 604 328 648 in
355 602 493 648 Adam
517 618 662 647 omnes
688 604 927 656 morimur,
965 602 1067 664 quia
1089 618 1167 664 per
1190 617 1325 645 unum
1355 600 1505 644 homi-

129 690 223 718 nem
252 683 482 735 peccatum
505 672 682 717 intravit
713 673 756 717 in
778 671 990 717 mundum
1009 709 1019 727 ,
1049 682 1089 716 et
1106 671 1219 716 illius
1237 669 1367 732 culpa
1393 686 1506 714 mors

127 743 320 788 omnium
340 752 414 789 est.
441 742 575 798 Dicit,
598 742 717 805 quod
744 743 787 788 in
810 746 901 802 ejus
921 741 1096 786 vulnere
1121 758 1245 786 omne
1271 756 1401 799 genus
1425 756 1505 784 oc-

127 813 298 858 cidisset
316 812 581 868 humanum,
609 813 690 858 nisi
719 812 1013 858 Samaritanus
1034 811 1105 856 ille
1128 809 1389 856 descendens
1402 808 1506 854 vul-

127 900 227 927 nera
247 887 337 941 ejus
362 883 518 927 acerba
548 893 748 930 curasset.
781 882 918 938 Dicit,
947 882 1072 927 fuisse
1099 881 1257 935 Adam,
1285 890 1326 925 et
1363 879 1409 923 in
1431 878 1506 923 illo

125 952 251 997 fuisse
285 969 454 1005 omnes3
484 953 640 1015 perisse
677 953 844 1008 A‘dam,
881 963 920 998 et
950 952 995 996 iu
1033 951 1107 996 illo
1139 951 1296 1014 perisse
1337 964 1498 993 omnes.

126 1021 272 1077 Dicit,
315 1039 390 1066 nos
425 1023 626 1081 contagio
651 1022 860 1067 maculari
884 1032 1116 1083 antequam
1142 1020 1386 1073 nascimur,
1422 1033 1503 1062 nec

126 1090 369 1137 humanum
390 1101 652 1154 conceptum
675 1108 760 1136 esse
783 1091 1027 1154 iniquitatis
1053 1100 1256 1142 exortem,
1276 1087 1378 1152 quia
1405 1104 1509 1133 con-

127 1162 334 1225 cipimur,
358 1161 518 1226 inquit,
548 1162 590 1207 in
618 1172 798 1226 peccato
833 1172 1083 1225 parentum,
1113 1160 1216 1206 etin
1242 1159 1408 1204 delictis
1431 1174 1507 1203 eo-

126 1249 222 1278 rum
236 1232 481 1277 nascimur:
507 1231 577 1277 sed
605 1243 646 1277 et
665 1231 755 1294 ipse
778 1242 928 1295 partus
949 1231 1083 1276 habet
1103 1229 1299 1289 contagia
1316 1245 1406 1283 sua,
1427 1243 1507 1272 nec

127 1318 265 1347 unum
291 1301 592 1347 tantummodo
613 1302 748 1347 habet
773 1303 866 1365 ipsa
889 1312 1045 1347 natura
1068 1300 1333 1360 contagium.
1368 1296 1504 1353 Dicit,

127 1371 354 1416 diabolum
377 1370 700 1427 foeneratorem,
730 1389 752 1416 a
790 1388 878 1435 quo
925 1373 1016 1416 Eva
1055 1369 1275 1416 maculata
1309 1367 1509 1413 obnoaiae

127 1441 403 1486 successionis
428 1441 568 1486 usuris
608 1457 736 1486 omne
761 1458 894 1501 genus
933 1440 1221 1486 defoeneravit
1242 1439 1501 1484 humanum.

128 1510 246 1555 Dicit
265 1547 275 1565 ,
302 1528 323 1555 a
349 1510 526 1555 diabolo
543 1511 678 1556 Evam
700 1511 944 1573 deceptam,
964 1521 1010 1555 ut
1024 1509 1326 1573 supplantaret
1342 1508 1504 1563 virum,

128 1580 346 1639 obligaret
366 1580 681 1626 haereditatem.
705 1581 840 1635 Dicit,
878 1581 1016 1626 Adam
1049 1581 1108 1626 ita
1134 1595 1279 1625 morsu
1310 1578 1511 1623 vitiatum

127 1667 211 1695 esse
227 1651 452 1713 serpentis,
482 1661 530 1695 ut
553 1667 700 1695 omnes
724 1651 798 1695 illo
827 1651 1003 1695 vulnere
1024 1649 1334 1695 claudicemus.
1366 1648 1502 1704 Dicit,

126 1736 205 1783 per
229 1736 463 1782 corporum
488 1720 569 1765 viri
605 1731 645 1765 et
678 1720 874 1766 foeminae
904 1720 1253 1765 commixtionem
1291 1718 1507 1763 neminem

128 1801 341 1853 expertem
364 1808 449 1835 esse
462 1790 636 1844 delicti3
658 1791 734 1853 qui
761 1801 903 1836 autem
917 1807 1063 1853 expers
1086 1789 1234 1835 delicti
1254 1799 1333 1843 est,
1355 1787 1400 1833 id
1425 1799 1504 1844 est,

129 1859 341 1906 Dominus
379 1860 597 1915 Christus,
640 1861 769 1905 etiam
802 1859 1057 1920 hujusmodi
1083 1876 1168 1904 esse
1211 1858 1509 1921 conceptionis

128 1940 359 1993 expertem.
388 1930 507 1976 Dicit
530 1931 609 1975 tibi
627 1942 800 1976 sanctus
821 1930 1120 1985 Innocentius,
1143 1929 1317 1974 lavacro
1337 1944 1510 1987 regene-

129 2017 173 2045 ra
183 2001 310 2045 tionis
331 2000 603 2063 praeteritum
616 2001 767 2046 vitium
786 2018 911 2046 omne
924 2001 1129 2064 purgari3
1154 1998 1272 2063 quod
1287 2015 1364 2062 per
1384 1997 1508 2044 illum

130 2069 306 2122 accidit,
325 2069 396 2132 qui
419 2070 556 2115 libero
581 2070 759 2115 arbitrio
781 2070 956 2124 cadens,
980 2069 1026 2115 in
1052 2069 1271 2133 profunda
1291 2068 1513 2114 demersus

129 2149 191 2184 est
208 2138 365 2193 .Dicit,
384 2139 465 2183 nisi
486 2139 846 2184 manducaverint
864 2156 1037 2185 carnem
1060 2139 1252 2193 Domini,
1273 2148 1313 2183 et
1332 2137 1511 2196 sangui-

129 2226 227 2254 nem
251 2208 463 2263 biberint,
491 2208 622 2254 vitam
640 2209 845 2272 parvulos
868 2209 1031 2254 habere
1056 2226 1143 2254 non
1162 2226 1298 2272 posse.
1325 2208 1510 2252 Sanctus

132 2278 364 2338 Gregorius
384 2277 508 2333 dicit,
542 2277 691 2324 melius
714 2278 843 2325 fuisse
866 2295 954 2324 non
977 2278 1168 2324 excidere
1211 2296 1233 2323 a
1270 2278 1388 2337 ligno
1407 2277 1511 2322 vitae

130 2359 258 2408 gustu
275 2349 540 2394 amarissimo
568 2349 755 2412 peccati,
798 2349 871 2395 sed
895 2349 1115 2395 emendari
1133 2366 1210 2394 nos
1236 2347 1393 2394 debere
1408 2357 1509 2411 post

130 2417 316 2481 lapsum.
345 2419 484 2474 Dicit,
511 2436 588 2464 nos
613 2436 661 2464 ex
683 2419 812 2465 bonis
832 2419 887 2465 ad
913 2419 1050 2464 tristia
1082 2417 1325 2472 devolutos,
1351 2427 1392 2462 et
1414 2416 1511 2461 vult

134 2506 156 2532 a
180 2488 376 2534 tristibus
389 2488 445 2535 ad
467 2489 642 2534 meliora
664 2490 884 2553 reparari3
909 2499 954 2535 ut
976 2506 1084 2552 quos
1104 2497 1252 2549 gastus
1268 2486 1374 2546 ligni
1389 2484 1511 2531 vetiti

134 2555 458 2614 condemnavit,
489 2558 651 2604 Christi
679 2575 783 2605 crux
802 2558 938 2619 gratia
974 2559 1156 2618 largiore
1178 2556 1400 2619 justificet.
1430 2554 1514 2599 Di-

135 2625 212 2682 cit,
240 2627 528 2674 venerandam
547 2645 633 2675 esse
658 2628 949 2685 nativitatem,
977 2644 1055 2691 per
1077 2641 1207 2690 quam
1233 2635 1413 2672 terrenae
1431 2639 1513 2670 na-
