1843 3190
283 253 457 285 CONTRA
491 253 717 285 JULIANUM
752 253 1058 296 PELAGIANUM,
1098 256 1184 288 mn.
1228 258 1294 290 ιιι.
1374 243 1465 290 215

90 330 276 374 morato,
301 318 420 382 quod
440 336 528 364 non
554 329 694 382 potes,
719 320 888 365 conaris
915 319 1082 376 efficere
1105 339 1115 365 t
1138 333 1178 366 et
1202 340 1289 367 non
1317 323 1379 368 ibi
1407 325 1478 369 vi-

91 390 164 436 des
186 389 303 453 quod
316 406 404 434 non
422 390 484 434 vis
501 388 662 435 audire.
685 391 867 435 Conaris
887 391 1003 436 enirn
1022 401 1068 436 ut
1091 391 1312 449 credatur,
1331 404 1478 438 orante

60 454 65 457 ¹
92 459 336 516 Abraham,
361 458 500 504 libido
518 458 689 504 reddita
714 476 802 505 esse
825 460 1099 517 mulieribus,
1127 462 1227 524 quia
1261 462 1474 524 scriptum

87 541 165 585 est,
184 551 203 571 «
234 529 518 575 Concluserat
546 529 663 574 Deus
690 547 713 575 a
733 529 835 575 foris
859 547 1030 575 omnem
1056 531 1231 577 vulvam
1264 532 1309 577 in
1339 531 1470 577 domo

87 622 106 643 ›;
131 600 406 657 Abimelech,
434 610 616 663 propter
640 601 791 646 Saram
823 617 996 646 uxorem
1024 602 1217 647 Abrahae
1235 601 1269 648 1.
1299 623 1318 644 »
1340 603 1467 647 Hanc

85 671 199 719 enim
226 666 554 716 conclusionem
571 671 631 716 sic
651 670 715 717 vis
738 669 937 729 intelligi,
960 681 1167 735 tanquam
1182 671 1321 718 libido
1339 671 1472 717 fuerit

84 741 166 786 illis
192 740 384 792 foeminis
406 741 496 785 Deo
534 740 789 801 indignante
814 741 1036 786 detracta:
1066 758 1167 787 cum
1187 742 1322 802 magis
1346 742 1467 787 indi-

85 821 205 859 cetur
223 811 291 855 his
310 803 471 866 xe‘rbis,
495 809 638 874 aliqua
660 810 1052 857 valetudinevulva
1077 812 1300 868 conclusa,
1328 823 1378 859 ut
1395 823 1468 858 aut

82 879 415 944 impraegnanda
442 882 734 927 concumbere
759 881 959 937 foemina,
988 893 1061 928 ant
1077 900 1228 945 parere
1250 883 1462 965 impraeg-

82 963 184 997 nata
202 969 289 997 non
312 962 489 1014 posset:
517 963 560 997 et
573 970 660 998 non
676 952 915 1009 attendisti,
940 953 1075 999 homo
1100 954 1176 1017 qui
1203 971 1290 999 non
1314 955 1468 1014 xisju-

83 1022 198 1068 dicio
215 1021 366 1072 divino
391 1038 676 1084 quemquam,
700 1040 789 1067 non
804 1023 906 1079 suis,
928 1023 1001 1068 sed
1023 1023 1169 1069 alienis
1192 1023 1325 1086 plecti
1343 1041 1467 1088 posse

80 1092 271 1156 peccatis
287 1129 298 1148 ,
322 1091 546 1155 quomodo
572 1092 663 1138 fieri
688 1093 882 1156 potuerit
903 1104 952 1139 ut
969 1093 1225 1139 Abimelech
1244 1105 1462 1157 peccaret,

81 1161 281 1226 quamvis
304 1178 383 1210 nec
415 1161 507 1225 ipse
529 1161 775 1208 adulterino
817 1162 948 1208 corde
981 1163 1226 1226 peccaverit
1247 1182 1258 1215 3
1281 1173 1322 1208 et
1348 1164 1462 1209 Deus

81 1232 537 1297 quantulumcumque
558 1244 791 1295 peccatum
816 1236 906 1293 ers
934 1233 979 1279 in
1014 1233 1273 1281 mulieribus
1297 1233 1464 1279 adeum

51 1338 55 1341 »
79 1302 401 1367 pertinentibus
415 1303 669 1350 vindicaret.
691 1303 820 1350 Vides
846 1303 1147 1363 contagionem
1163 1303 1342 1349 transire
1361 1320 1463 1365 pec-

81 1374 166 1429 cati
195 1373 248 1419 de
273 1373 365 1422 viro
390 1373 431 1418 in
459 1372 686 1424 foeminas,
716 1374 878 1436 quibus
896 1373 1182 1430 miscebatur,
1209 1373 1276 1419 vel
1307 1374 1468 1437 quibus

80 1443 423 1491 dominabatur:
451 1454 493 1487 et
526 1444 570 1488 in
603 1443 771 1506 prolem
802 1443 855 1488 de
887 1443 1143 1506 parentibus
1185 1461 1273 1489 non
1300 1446 1378 1499 vis,
1413 1461 1460 1489 ex

79 1531 265 1591 quomm
287 1513 523 1558 seminibus
549 1523 832 1576 propagatur.
881 1513 1118 1559 Considera
1150 1513 1300 1573 igitur,
1329 1530 1461 1577 quam

79 1585 133 1629 sit
149 1583 445 1629 inscrutabilis
464 1583 650 1634 altitudo
670 1583 939 1642 judiciorum
966 1583 1189 1646 sapientiae
1212 1594 1253 1628 et
1269 1583 1460 1629 scientiae

79 1654 156 1700 Dei
175 1653 213 1682 ²·
203 1664 280 1711 ,et
308 1653 469 1713 garrire
498 1653 643 1698 desine
663 1663 815 1698 contra
838 1653 1056 1713 originalis
1089 1664 1249 1699 secreta
1269 1654 1452 1717 peccati.

142 1723 394 1773 XXXVIII.
422 1722 588 1768 Deinde
607 1723 765 1786 incipis
784 1722 1008 1787 disputare
1029 1723 1081 1769 de
1105 1740 1275 1777 excessu
1292 1741 1460 1769 concu-

75 1793 318 1857 piscentiae,
349 1809 478 1856 quem
502 1793 887 1856 reprehensibilem
922 1793 1030 1839 dicis
1058 1812 1068 1838 ε
1110 1793 1234 1857 quasi
1278 1793 1323 1838 in
1364 1798 1456 1853 ejus

78 1863 389 1919 moderatione,
421 1880 523 1908 cum
547 1880 595 1909 ea
617 1863 727 1909 bene
747 1863 886 1909 utitur
908 1859 1183 1925 conjugatuS,
1210 1880 1345 1927 equus
1367 1866 1460 1927 ipse

76 1933 154 1997 qui
177 1932 316 1979 malus
340 1943 419 1988 est,
442 1943 484 1978 et
508 1950 596 1978 non
618 1933 766 1996 potius
791 1933 845 1979 sit
861 1937 952 1993 ejus
977 1931 1126 1994 auriga
1146 1933 1394 1979 laudandus
1415 1934 1448 1981 ὅ.

80 2000 199 2061 Quid
219 2020 319 2064 ergo
333 2014 375 2049 te
399 2003 610 2063 adjuvant
635 2003 880 2050 testimonia
915 2004 969 2049 de
1002 2004 1238 2071 Scripturis
1254 2042 1264 2060 ,
1296 2005 1458 2067 quibus

78 2073 338 2130 ostenditur,
364 2073 736 2138 quemadmodum
768 2076 883 2120 Deus
908 2075 974 2119 vel
999 2075 1237 2138 prohibeat
1255 2075 1454 2120 libidinis

76 2144 145 2191 vel
179 2145 356 2190 damnet
379 2147 624 2190 excessum.D
650 2144 767 2190 Illud
787 2144 934 2208 potius
957 2145 1141 2201 intuere,
1170 2144 1386 2208 quidquid
1414 2144 1459 2189 in

76 2213 375 2279 quorumlibet
420 2214 685 2274 flagitiorum
721 2214 1023 2278 turpitudine,
1058 2231 1160 2281 quae
1199 2214 1458 2274 genitalibus

76 2285 285 2337 membris
300 2295 593 2348 perpetratur,
617 2285 844 2330 horremus
859 2323 870 2342 ,
892 2285 1288 2349 concupiscentiam
1313 2285 1456 2330 carnis

75 2355 158 2409 nisi
183 2365 394 2411 teneatur,
421 2354 587 2402 efficere
611 2355 715 2419 ipsis
739 2356 930 2402 motibus
955 2355 1040 2402 suis
1060 2373 1168 2420 quos
1189 2356 1234 2401 in
1255 2355 1458 2419 corpori-

126 2469 136 2488 ¹
155 2469 238 2499 Gen.
253 2477 306 2504 xx,
328 2467 381 2499 18.
399 2483 443 2490 -—
457 2465 473 2487 ²
486 2470 581 2500 Rom.
597 2478 644 2506 xr,
662 2469 718 2501 33.
742 2484 788 2491 —
805 2464 820 2490 3
842 2466 964 2499 Alludit
984 2466 1023 2499 ad
1043 2465 1137 2506 vtrba
1161 2464 1308 2507 Affrnbros.
1331 2477 1401 2508 cap.
1422 2465 1438 2494 8
1451 2488 1461 2498 .

77 2521 140 2561 lit).
157 2521 195 2552 de
211 2525 295 2554 Isaac
314 2527 346 2553 et
362 2521 490 2565 Anima.
