1843 3190
384 320 400 353 1
411 310 473 365 46
794 328 830 357 s.
874 327 1116 362 Auens-nm
1150 331 1354 364 131‘1scor1

372 391 586 454 J'ustitiam
606 392 783 455 proficit
803 392 1063 449 dimicatur3
1089 406 1138 442 ut
1154 398 1351 443 vincente
1370 399 1569 461 profectu
1605 412 1747 451 totum

375 472 523 521 surgat
548 463 594 506 in
610 462 779 518 melius,
808 480 896 508 non
918 464 1117 511 vincente
1147 466 1318 513 defectu
1354 479 1494 516 totum
1535 483 1683 532 vergat
1703 474 1749 520 in
1819 506 1823 534 Ι

375 540 512 600 peJuS.
543 532 755 578 Parvulus
780 550 895 588 vero,
921 534 966 579 in
1004 553 1090 599 quo
1122 537 1268 584 adhuc
1312 540 1491 585 rationis
1523 541 1667 588 nullus
1688 554 1749 589 est
1818 536 1822 566 ¹

377 623 478 654 usus
494 644 505 663 ,
538 604 761 650 voluntate
780 604 957 667 quidem
980 608 1162 669 propria
1187 626 1264 654 nec
1293 610 1338 654 in
1362 610 1478 655 bono
1503 622 1581 668 est,
1608 614 1748 659 necin
1817 625 1821 678 Ι

377 678 517 730 malo;
539 675 639 738 quia
663 672 826 718 nullam
869 674 915 718 in
955 675 1210 723 alterutrum
1246 679 1553 737 cogitationem
1589 693 1744 739 versat,
1816 680 1820 704 ¹

374 750 448 796 scd
465 758 698 807 utrumque
726 745 770 789 in
793 744 868 789 illo
892 747 1168 808 consopitum
1189 759 1315 792 vacat
1332 785 1342 803 ,
1366 759 1407 793 et
1423 749 1590 795 bonum
1616 762 1748 798 natu-
1816 745 1819 803 Ι

373 819 460 865 rale
476 816 673 870 rationis,
696 825 737 859 et
761 813 925 859 malum
952 815 1157 874 originale
1180 818 1349 878 peccati
1373 835 1383 861 z
1409 818 1481 863 sed
1514 821 1634 865 annis
1670 839 1748 867 ac-
1813 821 1818 896 Ι

373 887 643 939 cedentibus,
664 883 891 944 evigilante
909 884 1091 940 ratione,
1119 887 1238 932 venit
1271 886 1544 944 mandatum,
1565 901 1607 935 et
1633 892 1748 937 revi-
1812 899 1816 933 ⁴

370 958 496 1004 viscit
514 965 768 1019 peccatum:
789 952 907 1016 quod
930 953 1129 999 adversus
1147 967 1407 1002 crescentem
1431 974 1533 1002 cum
1551 975 1747 1021 pugnare
1811 937 1816 1034 Ι

371 1027 571 1089 coeperit,
600 1034 706 1069 tunc
738 1023 1094 1086 apparebitquid
1118 1026 1164 1069 in
1193 1025 1357 1071 infante
1380 1025 1584 1083 latuerit,
1613 1039 1653 1074 et
1674 1040 1749 1075 aut
1812 1041 1814 1088 ξ

371 1097 522 1152 vincit,
552 1107 594 1140 et
628 1095 936 1147 damnabitur3
981 1105 1055 1138 aut
1079 1094 1287 1147 vincitur,
1318 1106 1359 1140 et
1380 1096 1622 1144 sanabitur.
1648 1101 1748 1146 Non
1808 1103 1814 1205 Ι

370 1178 512 1211 tamen
546 1164 642 1210 ideo
669 1164 831 1210 malum
856 1164 942 1208 hoc
978 1163 1092 1209 nihil
1127 1166 1346 1211 nocuisset
1365 1202 1375 1221 ,
1404 1165 1532 1211 etiam
1571 1167 1604 1213 si
1626 1171 1747 1231 prius
1808 1041 1840 1234 Ι

367 1252 498 1299 quam
519 1237 565 1280 in
588 1235 662 1280 illo
689 1251 894 1296 apparere
927 1234 1146 1296 coepisset,
1186 1235 1398 1298 parvulus
1426 1236 1512 1281 hac
1552 1238 1700 1284 exisset
1725 1257 1748 1285 e
1807 1226 1811 1312 Ι

365 1307 455 1351 vita
475 1323 485 1349 ε
503 1305 605 1367 quia
618 1315 759 1349 reatus
775 1303 966 1363 ejusdem
986 1304 1105 1359 mali,
1132 1321 1221 1350 non
1235 1322 1322 1368 quo
1340 1322 1463 1351 reum
1481 1306 1643 1352 malum
1664 1319 1742 1365 est,
1805 1313 1810 1392 Ι

366 1375 439 1421 sed
458 1392 545 1438 quo
570 1392 690 1420 reum
713 1374 816 1419 facit
837 1375 882 1418 in
909 1391 997 1436 quo
1024 1385 1102 1430 est,
1125 1375 1238 1420 sicut
1265 1376 1538 1435 generatione
1566 1389 1746 1426 contra·
1804 1394 1809 1461 Ι
1822 1240 1836 1500 Ι

364 1446 505 1500 bitur,
521 1444 581 1489 ita
602 1443 682 1489 nisi
703 1445 1018 1503 regeneratione
1032 1461 1121 1489 non
1138 1444 1335 1492 solvitur.
1373 1446 1470 1491 Hoc
1488 1457 1550 1491 est
1566 1459 1747 1511 propter

363 1514 484 1579 quod
513 1514 683 1577 parvuli
706 1514 1001 1577 baptizantur,
1032 1525 1083 1560 ut
1119 1531 1208 1560 non
1244 1515 1383 1561 solum
1424 1516 1544 1575 regni
1577 1517 1744 1564 Christi
1800 1465 1832 1670 ΙΙ

359 1587 562 1632 fruantur
582 1585 718 1641 bono,
744 1600 896 1630 verum
918 1595 960 1629 et
990 1601 1014 1628 a
1045 1584 1159 1630 malo
1183 1586 1303 1645 regni
1337 1587 1489 1630 mortis
1512 1598 1736 1635 eruantur.
1825 1623 1830 1640 .

367 1658 516 1720 Neque
538 1656 624 1700 hoc
646 1655 739 1700 fieri
762 1665 919 1717 potest,
946 1655 1026 1700 nisi
1056 1672 1133 1718 per
1155 1655 1285 1701 eum1
1305 1673 1315 1700 :
1342 1677 1363 1697 c<
1389 1655 1479 1711 Qui
1507 1667 1741 1718 peccatum
1821 1675 1829 1708 ι

365 1744 442 1772 sua
459 1742 584 1771 carne
600 1724 838 1779 damnavit,
863 1724 982 1787 quod
999 1724 1214 1770 nascendo
1235 1742 1323 1771 non
1342 1725 1490 1781 sensit,
1513 1726 1635 1788 quod
1655 1743 1745 1772 mo-

364 1796 515 1842 riendo
542 1794 781 1847 crucifixit3
807 1805 852 1840 ut
881 1794 927 1839 in
945 1811 1072 1840 carne
1090 1806 1235 1841 nostra
1262 1807 1368 1841 esset
1387 1795 1650 1855 justificatio
1667 1813 1746 1860 per

363 1868 562 1928 gratiam,
588 1866 667 1911 ubi
685 1876 774 1910 erat
791 1876 888 1910 ante
905 1864 1092 1911 colluvio
1119 1881 1197 1928 per
1221 1865 1417 1928 culpam,
1437 1887 1455 1906 >2

433 1937 510 1982 IX.
532 1936 610 1981 His
630 1934 902 1998 itaquebeati
922 1934 1141 1980 Ambrosii
1156 1934 1317 1991 verbis,
1341 1952 1419 1980 nec
1434 1935 1638 1981 diabolus
1662 1936 1744 1982 bo-

367 2007 501 2052 nitate
516 2005 739 2050 hominem
757 2004 936 2061 creavit,
958 2020 1026 2049 sec
1047 2004 1272 2049 hominem
1308 2004 1575 2064 malignitate
1609 2005 1742 2051 vitia-

365 2077 459 2122 vit:
481 2093 561 2121 nec
597 2075 962 2138 concupiscentia:
994 2074 1159 2120 malum
1183 2075 1440 2137 nuptiarum
1459 2075 1744 2121 abstulitbo—

366 2164 473 2192 num
492 2164 502 2190 ε
526 2163 604 2191 nec
636 2145 679 2190 in
718 2145 992 2208 baptismatis
1036 2155 1301 2190 sacramento
1340 2146 1510 2207 peccati
1558 2144 1743 2204 alicujus

366 2228 507 2262 reatus
545 2216 805 2278 relinquitur
834 2215 1046 2261 insolutus
1073 2233 1084 2260 :
1108 2232 1187 2261 nec
1212 2215 1398 2274 injustus
1423 2225 1485 2260 est
1509 2216 1642 2270 Deus,
1665 2215 1742 2277 qui
1814 2254 1815 2260 ,

368 2303 464 2331 eum
491 2287 670 2332 damnat
689 2287 778 2346 lege
796 2285 976 2345 jusitiae,
1003 2286 1078 2348 qui
1096 2285 1262 2348 peccati
1286 2284 1375 2343 lege
1392 2286 1440 2329 fit
1465 2301 1561 2329 reus
1580 2284 1743 2330 etiamsi
1788 2290 1793 2309 ²

367 2356 510 2417 ex‘gilla
534 2367 656 2401 natus
679 2367 757 2410 est,
779 2373 875 2418 quae
898 2365 1123 2418 parentem
1152 2358 1242 2413 ejus
1259 2364 1486 2416 propterea
1506 2356 1598 2411 jam
1622 2370 1742 2398 reum
1786 2310 1792 2465 Ι

366 2426 504 2471 facere
531 2443 619 2472 non
640 2437 797 2488 potest,
822 2426 924 2488 quia
943 2435 1113 2470 renatus
1142 2434 1215 2468 est.
1239 2424 1384 2470 Virtus
1405 2439 1559 2486 porro,
1577 2439 1675 2485 quae
1693 2423 1738 2467 in

367 2496 619 2542 infirmitate
643 2497 886 2559 perficitur,
904 2512 1053 2558 quare,
1071 2495 1104 2540 si
1115 2494 1213 2538 haec
1227 2510 1327 2539 vera
1341 2503 1457 2547 sunt,
1477 2490 1743 2554 desperanda
1782 2472 1789 2606 Ι
1832 2496 1843 2522 s*

367 2576 655 2628 est3cumper
670 2582 843 2610 carnem
869 2564 1049 2621 Christi,
1068 2579 1167 2626 quae
1187 2563 1364 2609 damnat
1375 2572 1605 2625 peccatum
1616 2560 1735 2625 quod
1830 2566 1842 2610 Ι

421 2649 429 2668 ¹
452 2648 561 2679 Ambr.
581 2649 619 2678 de.
638 2649 750 2690 ptr-nit.
772 2648 825 2678 lib.
852 2660 878 2685 1,
897 2660 923 2681 c.
950 2650 981 2681 3.
1837 2643 1843 2657 Ἰ
