1843 3190
143 325 317 359 CONTRA
350 327 465 360 nnAs
498 325 732 360 m’lsroms
769 326 1134 370 anonumum,
1173 329 1259 363 ΗΒ.
1303 332 1373 367 111.
1449 333 1509 383 29

142 411 164 432 »
184 409 282 437 nem
310 394 560 456 passionum
578 395 671 452 ejus
684 391 718 438 ².
746 413 766 434 >³
796 393 904 439 Haec
927 394 1071 439 omnia
1098 393 1292 440 nondum
1320 396 1445 458 plena
1466 408 1507 443 et

139 461 328 524 perfecta
349 463 394 509 in
425 461 631 525 Apostolo
655 473 800 517 erant,
827 462 900 507 scd
931 473 1138 526 tanquam
1161 464 1206 508 in
1238 464 1307 509 via
1339 466 1506 527 positus

140 531 195 576 ad
221 549 368 578 eorum
396 531 710 595 plenitudinem
734 532 1129 596 perfectionemque
1147 534 1364 579 currebat.
1392 534 1504 579 Nam

138 602 360 664 quomodo
375 606 466 662 jam
497 602 685 665 perfecte
720 613 978 661 cognoverat
1013 603 1238 648 Christum
1257 640 1267 659 ,
1296 604 1372 666 qui
1397 604 1505 649 dicit

137 670 220 717 alio
240 672 336 718 loco
356 709 367 728 ‚
392 693 411 714 α
432 673 559 718 Nunc
582 672 670 717 scio
697 689 744 717 ex
769 683 916 735 parte,
949 683 1053 718 tunc
1081 684 1222 718 autem
1248 690 1504 733 cognoscam

136 740 287 787 »sicut
320 752 361 786 et
397 743 593 801 cognitus
627 741 782 786 sum21>
818 763 838 782 ›>
865 743 919 786 Et
946 742 1166 804 quomodo
1194 746 1285 802 jam
1315 742 1504 805 perfecte

134 811 610 870 cognoveratvirtutem
629 813 720 869 ejus
741 812 1084 863 resurrectionis,
1110 812 1180 856 cui
1197 812 1385 856 restabat
1409 829 1503 857 eam

132 879 303 943 plenius
323 891 514 944 tempore
538 880 858 925 resurrectionis
882 881 1021 926 carnis
1040 881 1296 944 experiendo
1326 898 1504 941 cognos-

133 953 254 995 cere?
281 951 336 995 Et
354 950 574 1013 quomodo
593 953 684 1008 jam
709 949 898 1012 perfecte
924 961 1181 1009 cognoverat
1205 952 1503 996 communica-

129 1019 292 1065 tionem
306 1020 555 1082 passionum
569 1022 672 1077 ers,
693 1019 888 1063 nondum
906 1036 987 1080 pro
1002 1019 1075 1063 illo
1092 1020 1332 1081 passionem
1350 1021 1503 1065 mortis

129 1092 362 1153 expertus?
392 1089 587 1151 Denique
611 1087 730 1133 addit
749 1098 790 1133 et
816 1087 923 1133 dicit
944 1105 954 1132 :
979 1109 998 1129 «
1020 1089 1063 1134 Si
1089 1105 1177 1151 quo
1197 1089 1328 1133 modo
1349 1106 1502 1135 occur-

130 1176 260 1204 »ram
289 1159 334 1204 in
364 1158 720 1203 resurrectionem
739 1158 1010 1203 mortuorum
1025 1158 1057 1204 ³.
1084 1180 1103 1200 >2
1129 1160 1192 1204 Ac
1223 1158 1377 1203 deinde
1405 1160 1461 1204 ait
1486 1178 1496 1205 ε

128 1250 151 1271 α
169 1230 266 1275 Non
285 1230 492 1292 quiajam
514 1231 779 1291 acceperim,
806 1232 981 1288 autjam
1003 1228 1219 1292 perfectus
1235 1230 1329 1275 sim.
1349 1230 1499 1286 »Quid

127 1316 227 1359 ergo
253 1316 295 1344 se
314 1299 546 1344 confitetur
571 1297 768 1344 nondum
788 1299 1024 1361 accepisse,
1062 1310 1103 1344 et
1134 1300 1179 1344 in
1198 1316 1285 1362 quo
1304 1300 1498 1345 nondum

127 1385 212 1414 esse
235 1369 474 1432 perfectum
490 1406 501 1424 ‚
528 1369 610 1413 nisi
632 1368 677 1413 in
691 1385 738 1413 ea
756 1369 942 1427 justitia,
965 1386 1065 1432 quae
1089 1386 1137 1414 ex
1158 1371 1246 1415 Deo
1267 1381 1344 1425 est,
1367 1388 1498 1434 quam

127 1439 438 1501 concupiscens
462 1437 602 1483 noluit
625 1454 745 1483 suam
773 1438 948 1494 habere,
971 1455 1068 1500 quae
1087 1455 1135 1483 ex
1159 1438 1249 1498 lege
1271 1443 1362 1484 est‘)
1383 1441 1498 1485 Hinc

124 1507 238 1552 enim
260 1507 521 1570 loquebatur
539 1544 550 1562 ‚
579 1517 620 1551 et
642 1507 721 1551 ista
753 1506 837 1551 fuit
860 1524 986 1552 causa
1011 1518 1058 1552 ut
1088 1508 1188 1553 haec
1211 1508 1398 1564 diceret,
1433 1527 1497 1555 re-

124 1576 272 1622 sistens
308 1576 494 1622 inimicis
529 1577 676 1636 gratiae
703 1577 807 1632 Dei,
852 1594 934 1639 pro
967 1594 1052 1639 qua
1087 1577 1308 1637 largienda
1348 1580 1495 1625 cruci-

121 1647 229 1693 fixus
249 1657 309 1692 est
332 1647 532 1692 Christus
555 1664 565 1691 :
592 1664 638 1692 ex
657 1663 845 1709 quorum
871 1664 1021 1706 genere
1053 1648 1183 1693 etiam
1200 1649 1270 1694 isti
1290 1660 1403 1696 sunt.

186 1718 331 1763 XXII.
364 1718 474 1762 Nam
493 1734 539 1762 ex
555 1733 643 1780 quo
666 1716 763 1761 loco
781 1717 968 1780 suscepit
992 1718 1087 1762 haec
1107 1718 1267 1774 dicere,
1300 1720 1359 1764 sic
1378 1737 1494 1766 exor-

122 1802 192 1832 sus
211 1797 272 1832 est
294 1804 304 1831 z
328 1807 347 1827 c<
368 1786 519 1832 Videte
544 1803 687 1841 canes,
726 1786 867 1832 videte
904 1787 1039 1832 malos
1071 1789 1288 1851 operarios
1305 1826 1315 1844 ‚
1352 1790 1496 1836 videte

122 1877 144 1899 υ
163 1857 469 1903 concisionem.
500 1857 587 1901 Nos
611 1857 722 1901 enim
750 1873 896 1902 sumus
927 1857 1200 1903 circumcisio
1229 1859 1303 1921 qui
1339 1860 1493 1922 spiritu

123 1927 258 1972 »Deo
285 1927 506 1983 servimus,
526 1926 593 1971 vel
624 1926 735 1971 sicut
772 1927 971 1972 nonnulli
1005 1927 1173 1972 codices
1210 1927 1394 1984 habent,
1421 1931 1495 1991 qui

124 2017 146 2039 ›>
167 1996 338 2059 spiritui
356 1998 465 2052 Deo,
487 1996 555 2042 vel
579 1996 750 2059 spiritui
777 1998 854 2042 Dei
883 1998 1110 2054 servimus3
1130 2008 1171 2043 et
1194 1997 1426 2056 gloriamur
1444 2000 1490 2055 in

123 2087 145 2109 >2
169 2067 345 2113 Christo
364 2068 482 2122 Jesu,
507 2077 648 2112 etnon
676 2067 720 2111 in
740 2084 868 2112 carne
892 2068 1070 2113 fidentes
1088 2067 1122 2114 4.
1151 2091 1170 2110 υ
1197 2069 1312 2114 Hinc
1346 2072 1489 2115 mani-

123 2137 277 2182 festum
299 2148 361 2183 est
385 2137 585 2182 adversus
602 2137 778 2182 Judaeos
795 2155 892 2182 eum
919 2156 1057 2198 agere,
1081 2138 1156 2201 qui
1172 2140 1401 2184 carnaliter
1418 2141 1494 2185 oh-

124 2219 336 2253 servantes
357 2208 511 2267 legem,
549 2218 590 2253 et
614 2225 734 2253 suam
769 2209 981 2266 justitiam
1003 2209 1192 2254 volentes
1213 2210 1489 2265 constituere,

124 2277 440 2323 occidebantur
462 2278 622 2334 littera,
647 2295 733 2322 non
756 2279 1093 2324 vivificabantur
1111 2279 1265 2341 spiritu
1284 2297 1293 2324 ε
1319 2291 1360 2325 et
1383 2281 1427 2325 in
1453 2297 1493 2325 se

125 2347 449 2407 gloriabantur,
488 2365 587 2393 cum
619 2349 814 2411 Apostoli
842 2359 882 2393 et
911 2366 1056 2394 omues
1095 2349 1390 2411 promissionis
1414 2349 1493 2395 filii

126 2418 411 2477 gloriarentur
435 2419 479 2463 in
518 2419 706 2465 Christo.
741 2419 906 2464 Deinde
940 2419 1156 2478 subjecit:
1183 2441 1201 2459 τ(
1229 2420 1492 2482 Quanquam

127 2508 148 2528 ›>
171 2505 270 2547 ergo
298 2487 484 2533 habeam
512 2488 718 2533 fiduciam
753 2489 957 2543 incarne,
985 2489 1018 2533 si
1038 2489 1134 2551 quis
1155 2489 1263 2533 alius
1290 2489 1333 2533 in
1366 2505 1492 2534 carne

177 2583 318 2629 ¹Phi11p.
338 2598 388 2625 111,
410 2597 460 2617 xo.
476 2603 521 2609 —
537 2584 551 2606 ‘²
576 2597 587 2616 1
611 2586 685 2618 Cor.
705 2596 780 2622 xus,
806 2596 857 2617 ια.
875 2604 901 2609 -
924 2582 938 2607 3
957 2585 1074 2629 Philip.
1098 2597 1153 2625 111,
1177 2597 1229 2628 ιι,
1257 2598 1308 2618 12.
1325 2583 1393 2609 ——4
1408 2584 1493 2618 ibid.

131 2653 149 2674 π
170 2648 198 2673 ct
216 2643 248 2674 3.
