1843 3190
325 216 418 270 400
744 229 778 258 s.
822 227 1067 258 aucusnm
1102 227 1306 258 EPISCOPt

328 295 404 342 abs
432 305 470 340 te
493 292 657 358 aliquid
675 293 830 339 nolunt
847 313 858 347 ;
885 292 959 338 sed
973 302 1127 340 cavent
1146 293 1310 355 potius,
1330 310 1383 339 ne
1396 292 1562 339 auferas
1580 294 1700 357 quod

326 374 557 412 noverunt.
594 363 723 409 Multi
741 363 908 426 quippe
928 373 1029 408 sunt
1050 364 1095 408 in
1113 363 1190 416 eis,
1216 363 1294 426 qui
1316 380 1403 409 non
1421 364 1560 410 solum
1580 381 1701 427 prae-

326 446 393 481 ter
427 452 494 480 me
514 471 526 490 ,
567 434 850 480 verumetiam
888 433 1052 496 priores
1088 450 1156 479 me
1190 433 1270 478 ista
1310 433 1577 488 didicerunt,
1603 451 1704 498 quae

330 516 469 553 vester
495 521 632 550 novus
652 521 770 549 error
794 513 1034 567 oppugnat.
1067 502 1181 548 Cum
1209 521 1310 563 ergo
1331 521 1420 549 non
1443 520 1513 550 eos
1531 505 1622 567 ipse
1639 504 1706 550 fe-

331 575 490 630 cerim,
519 573 592 619 sed
632 574 870 620 invenerim
906 573 1040 632 hujus
1066 589 1198 635 quam
1232 575 1397 633 negatis
1431 574 1568 620 socios
1592 575 1708 620 veri-

333 645 431 691 tatis
446 681 457 700 ,
492 644 714 708 quomodo
745 645 803 690 eis
823 661 900 704 ego
921 660 1016 689 sum
1039 653 1192 689 auctor
1214 644 1346 704 hujus
1382 662 1512 708 quem
1543 645 1709 708 putatis

336 715 492 762 erroris
506 718 525 760 9

400 784 562 830 XXIV.
588 804 609 825 «
628 783 826 846 Explica,
845 782 1010 845 inquis,
1032 782 1254 845 quomodo
1267 793 1500 845 peccatum
1516 800 1712 848 personae

336 853 401 900 illi
413 857 526 913 juste
558 853 692 916 possit
715 852 890 907 ascribi,
919 868 1019 915 quae
1036 868 1115 897 nec
1141 850 1278 898 voluit
1300 869 1499 915 peccare,
1531 870 1610 899 nec
1629 870 1713 917 po-

338 925 435 970 tuit.
461 945 481 965 »
498 922 629 970 Aliud
647 933 707 968 est
724 922 991 986 perpetratio
1011 922 1310 985 propriorum,
1336 923 1454 969 aliud
1475 924 1716 970 alienorum

337 995 536 1054 contagio
560 1003 858 1057 peccatorum,
878 1003 1095 1056 quantum
1115 992 1293 1055 quidem
1313 993 1369 1039 ad
1389 1012 1480 1040 suae
1504 999 1716 1058 cujusque

339 1065 442 1112 vitae
459 1065 647 1128 pertinet
670 1063 896 1109 actionem.
929 1064 1042 1108 Nam
1066 1063 1194 1109 sivos
1218 1065 1470 1110 sententiam
1495 1077 1657 1111 rectam
1672 1065 1718 1110 in

337 1146 530 1182 vestrum
555 1143 720 1180 tortum
738 1150 908 1179 sensum
929 1144 1127 1196 torquere
1153 1133 1339 1190 nolletis,
1358 1134 1562 1181 audiretis
1579 1137 1719 1198 Apos-

343 1206 483 1252 tolum
508 1206 596 1252 hoc
618 1205 808 1251 breviter
825 1204 1129 1267 explicantem,
1150 1205 1226 1267 qui
1241 1222 1378 1250 unum
1399 1205 1506 1251 dixit
1528 1205 1658 1251 fuisse
1676 1205 1723 1250 in

344 1294 432 1341 quo
455 1294 602 1322 omnes
629 1286 937 1339 peccaverunt.
969 1277 1021 1320 111
1042 1276 1117 1320 illo
1151 1292 1238 1321 11110
1261 1277 1422 1322 mortui
1446 1289 1547 1322 sunt
1576 1293 1723 1322 omnes

347 1359 396 1394 ut
422 1358 662 1393 moreretur
696 1345 802 1391 alius
827 1362 939 1391 unus
962 1363 1044 1408 pro
1065 1346 1282 1392 omnibus.
1313 1367 1333 1387 «
1361 1348 1482 1392 Unus
1502 1347 1615 1392 enim
1642 1362 1724 1409 pro

347 1441 369 1462 »
391 1419 594 1464 omnibus
616 1427 813 1462 mortuus
843 1427 905 1463 est
941 1434 952 1461 ε
989 1433 1089 1476 ergo
1116 1433 1262 1462 omnes
1302 1418 1466 1462 mortui
1490 1428 1608 1472 sunt,
1644 1433 1726 1479 pro

351 1513 373 1533 »
396 1490 558 1554 quibus
583 1488 782 1533 Christus
801 1498 998 1533 mortuus
1021 1498 1084 1532 est
1103 1486 1138 1532 1.
1159 1509 1180 1529 ›>
1206 1489 1324 1547 Nega
1351 1488 1483 1548 igitur
1500 1488 1728 1534 Christum

351 1561 480 1607 etiam
503 1576 583 1623 pro
604 1557 799 1622 parvulis
820 1568 1061 1614 mortuum,
1089 1569 1137 1603 ut
1178 1558 1334 1603 eximas
1370 1576 1440 1604 eos
1471 1559 1524 1604 de
1548 1574 1729 1604 numero

351 1641 644 1684 mortuorum,
662 1629 748 1674 hoc
771 1638 851 1684 est,
875 1628 928 1674 de
951 1629 1151 1688 contagio
1170 1640 1466 1691 peccatorum.
1498 1650 1519 1670 ε(
1535 1629 1624 1685 Qui
1638 1627 1732 1673 fieri

354 1710 512 1765 potest,
536 1699 681 1763 inquis
696 1736 707 1755 ,
731 1710 778 1744 ut
803 1716 867 1744 res
903 1699 1072 1744 arbitrii
1096 1699 1339 1745 conditioni
1378 1700 1590 1745 seminum
1625 1698 1733 1744 mis-

357 1773 532 1818 ceatur?
556 1792 575 1811 ›>
616 1769 660 1815 Si
694 1768 788 1814 fieri
825 1786 912 1814 non
929 1779 1090 1832 posset,
1127 1785 1217 1813 non
1251 1779 1357 1814 esset
1385 1769 1500 1814 unde
1529 1767 1734 1832 parvulos

359 1841 556 1888 nondum
577 1839 630 1884 de
654 1855 837 1902 corpore
862 1855 1047 1898 egressos
1068 1849 1263 1884 mortuos
1280 1838 1534 1885 diceremus.
1565 1838 1680 1895 Quia
1702 1837 1737 1882 si

360 1912 561 1957 Christus
595 1920 637 1954 et
663 1927 745 1972 pro
768 1909 872 1971 ipsis
895 1919 1092 1954 mortuus
1127 1919 1215 1964 est,
1258 1926 1358 1968 ergo
1390 1920 1432 1954 et
1468 1909 1552 1972 ipsi
1574 1908 1735 1954 mortui

358 1993 459 2028 sunt
481 1980 718 2045 :quoniam
740 1979 775 2024 si
798 1996 911 2025 unus
944 1996 1025 2042 pro
1057 1979 1261 2024 omnibus
1298 1990 1494 2025 mortuus
1531 1990 1610 2035 est,
1639 1994 1738 2037 ergo

360 2069 508 2099 omnes
543 2050 704 2096 mortui
747 2060 861 2095 sunt.
894 2050 1124 2105 Audis-ne,
1155 2049 1359 2095 Juliane‘?
1398 2050 1506 2095 Haec
1544 2047 1741 2112 Apostoli

358 2123 512 2178 verba,
539 2138 628 2167 non
652 2138 746 2166 mea
761 2130 875 2166 sunt.
902 2119 1023 2176 Quid
1047 2138 1070 2164 a
1093 2136 1162 2164 me
1185 2120 1345 2182 quaeris
1371 2137 1382 2164 :
1407 2120 1544 2176 «Quo
1562 2119 1615 2164 sit
1646 2117 1741 2164 fac-

361 2205 457 2240 tum
475 2192 625 2247 modo,
643 2212 663 2233 »
682 2208 783 2237 611111
804 2191 952 2237 videas
982 2191 1147 2236 factum
1167 2207 1253 2235 esse
1276 2207 1556 2253 quocumque
1580 2188 1712 2235 modo
1727 2225 1739 2244 ,

364 2265 398 2311 si
426 2262 636 2326 Apostolo
660 2262 810 2309 credas
834 2263 978 2326 aliquo
1008 2261 1157 2318 modo,
1175 2261 1254 2324 qui
1277 2261 1330 2306 de
1353 2261 1529 2306 Christo
1544 2272 1584 2306 et
1602 2260 1656 2306 de
1674 2259 1743 2304 his

365 2352 448 2398 pro
481 2333 642 2396 quibus
674 2343 873 2379 mortuus
896 2343 958 2378 est
986 2332 1212 2387 Christus,
1240 2331 1413 2376 mentiri
1443 2331 1588 2393 potuit
1624 2328 1745 2375 nullo

366 2403 499 2451 modo
516 2407 534 2449 ‚3

429 2473 566 2520 XXV.
587 2472 735 2518 Potest
752 2483 894 2520 autem
911 2472 1000 2519 dici
1018 2474 1134 2520 Deus
1153 2472 1208 2518 ab
1224 2471 1326 2530 alio,
1348 2471 1496 2535 quales
1514 2470 1628 2529 estis,
1646 2487 1746 2534 per-

411 2560 422 2582 1
446 2570 464 2590 2
496 2559 557 2589 '0r.
573 2567 607 2601 v,
629 2562 681 2594 14.
