1843 3190
331 244 390 289 80
749 258 784 289 s,
828 257 1071 289 Aucusrlm
1108 259 1313 290 EPISCOPI

327 340 416 368 non
451 322 688 380 absurdum
723 320 779 367 ad
813 321 1083 369 intellectum
1121 324 1310 370 accessit.
1351 324 1396 369 Si
1433 325 1545 371 enim
1571 325 1705 372 homo

325 394 404 458 qui
435 411 477 439 se
502 392 746 454 cognoscit,
791 392 937 438 infelix
965 404 1027 439 est
1045 431 1055 450 ,
1093 394 1283 440 infelices
1308 394 1504 458 profecto
1529 413 1703 451 omnes;

324 466 427 528 quia
453 463 747 526 unusquisque
774 479 893 508 suam
919 463 1217 509 infirmitatem
1247 475 1319 510 aut
1352 482 1430 528 per
1453 465 1706 529 sapientiam

325 533 617 594 recognoscit,
650 542 725 577 aut
748 549 825 595 per
849 532 1141 596 insipientiam
1165 534 1312 580 nescit.
1343 556 1361 574 »
1388 536 1495 580 Item
1523 535 1568 580 in
1587 534 1704 580 libro

328 606 404 669 qui
438 604 709 657 inscribitur,
739 602 792 648 de
816 604 937 648 Bono
981 604 1130 649 mortis
1165 622 1175 648 :
1225 626 1245 645 <r
1272 606 1491 668 Operetur
1536 605 1671 665 igitur
1692 642 1704 661 ,

328 676 500 739 inquit,
530 691 643 719 mors
668 674 714 720 in
739 673 889 729 nobiS,
931 684 980 719 ut
1015 685 1218 737 operetur
1252 686 1292 721 et
1317 676 1406 721 vita
1424 713 1436 732 ,
1476 676 1591 721 bona
1618 676 1708 721 vita

326 757 427 810 post
468 755 649 791 mortem
680 782 691 800 ,
738 744 826 788 hoc
871 754 930 788 est
955 781 966 800 ,
1004 745 1119 790 bona
1160 745 1246 790 vita
1286 756 1384 808 post
1440 746 1667 791 victoriam
1691 781 1702 800 ,

328 818 445 862 bona
478 816 567 861 vita
606 815 804 860 absoluto
840 814 1105 859 certamine1
1132 833 1142 860 :
1172 826 1220 860 ut
1237 819 1328 875 jam
1361 817 1424 861 lex
1453 816 1593 862 carnis
1625 815 1708 874 legi

331 886 487 931 mentis
526 900 766 947 repugnare
802 900 890 928 non
926 884 1120 938 noverit,
1161 895 1209 929 ut
1242 889 1332 944 jam
1358 886 1484 930 nobis
1511 884 1631 930 nulla
1655 885 1710 929 sit

329 973 429 1002 cum
448 972 629 1019 corpore
643 954 793 999 mortis
807 954 1041 1000 contentio.
1059 956 1260 1000 »Rursus
1281 956 1324 1000 in
1340 955 1486 1001 eodem
1505 973 1514 1000 :
1533 976 1552 995 a
1573 957 1704 1015 Ergo,

330 1027 498 1090 inquit,
530 1026 633 1090 quia
651 1025 759 1085 justi
783 1024 898 1069 hanc
934 1026 1326 1071 remunerationem
1351 1026 1539 1079 habent,
1566 1036 1615 1071 ut
1640 1026 1709 1071 vi-

332 1097 461 1143 deant
494 1096 646 1142 faciem
668 1095 763 1150 Dei,
792 1104 833 1139 et
860 1093 1007 1140 lumen
1026 1095 1137 1140 illud
1163 1095 1282 1159 quod
1302 1096 1521 1141 illuminat
1536 1112 1707 1141 omnem

330 1166 612 1213 hominem2:
643 1165 697 1210 ab
731 1164 838 1210 hinc
874 1164 1105 1211 induamus
1130 1166 1387 1226 hujusmodi
1414 1165 1606 1212 studium
1625 1203 1636 1222 ,
1660 1176 1710 1210 ut

332 1238 658 1301 appropinquet
683 1235 825 1281 anima
849 1246 996 1281 nostra
1031 1239 1121 1281 Deo
1142 1273 1152 1292 ,
1192 1237 1521 1300 appropinquet
1542 1236 1679 1282 oratio
1695 1273 1706 1292 ,

331 1309 551 1353 adhaereat
571 1306 633 1352 illi
652 1316 847 1351 nostrum
869 1305 1130 1351 desiderium
1144 1343 1154 1361 ,
1184 1324 1271 1352 non
1297 1324 1547 1370 separemur
1566 1307 1620 1351 ab
1639 1323 1703 1352 eo.

333 1380 387 1423 Et·
417 1378 492 1423 hic
529 1376 704 1440 quidem
730 1375 887 1438 positi,
927 1375 1179 1422 meditando
1197 1415 1207 1433 ,
1235 1377 1417 1436 legendo
1439 1414 1450 1433 ,
1475 1376 1710 1440 quaerendo

331 1448 588 1512 copulemur
616 1448 707 1491 Deo
740 1463 750 1490 z
780 1462 1092 1504 cognoscamus
1117 1464 1215 1492 eum
1238 1484 1249 1502 ,
1285 1457 1332 1492 ut
1373 1463 1617 1510 possumus.
1650 1447 1712 1491 Ex
1745 1459 1748 1462 ·

332 1529 455 1582 parte
474 1517 588 1562 enim
607 1516 681 1561 hic
707 1515 1012 1574 cognoscimus
1038 1535 1048 1561 ε
1079 1517 1180 1579 quia
1205 1516 1280 1562 hic
1314 1516 1569 1580 imperfecta
1589 1553 1600 1572 ,
1623 1516 1713 1562 illic

330 1589 519 1653 perfecta
542 1586 713 1639 omnia3
741 1585 815 1630 hic
839 1586 1012 1648 parvuli
1033 1624 1043 1642 ,
1067 1587 1156 1632 illic
1181 1587 1363 1634 robusti.
1396 1586 1621 1642 Videmus,
1648 1587 1713 1631 in-

330 1660 455 1723 quit,
482 1675 600 1703 nunc
624 1673 702 1720 per
723 1655 951 1718 speculum
978 1658 1023 1702 in
1043 1658 1288 1717 aenigmate,
1312 1668 1418 1702 tunc
1442 1667 1584 1702 autem
1604 1656 1713 1702 facie

331 1731 386 1776 ad
412 1729 563 1775 faciem
582 1727 613 1773 ὃ.
647 1727 772 1771 Tunc
798 1726 983 1772 revelata
1008 1727 1115 1773 facie
1139 1727 1321 1787 gloriam
1352 1728 1528 1772 Domini
1552 1743 1713 1790 specu-

328 1800 410 1846 lari
432 1797 583 1844 licebit
600 1834 610 1853 ,
634 1813 768 1859 quam
793 1813 912 1842 nunc
936 1797 1093 1842 animae
1120 1798 1314 1862 corporis
1337 1798 1473 1857 hujus
1500 1798 1713 1842 concretis

329 1870 567 1917 visceribus
586 1867 796 1913 involutae
815 1904 825 1922 ,
853 1878 893 1912 et
918 1867 1181 1930 quibusdam
1209 1868 1350 1913 carnis
1372 1869 1506 1928 hujus
1531 1867 1713 1913 maculis

329 1952 371 1987 et
389 1938 713 1986 colluvionibus
737 1937 1015 1983 obumbratae
1034 1938 1198 1984 sincere
1224 1938 1370 1984 videre
1394 1955 1481 1983 non
1509 1947 1705 2001 possunt.

331 2034 351 2054 α
369 2012 478 2068 Quis
498 2010 631 2065 enim,
655 2008 815 2071 inquit,
842 2008 1013 2054 videbit
1027 2009 1197 2055 vultum
1209 2026 1372 2065 meum,
1386 2010 1554 2055 etvivet
1569 2008 1634 2054 ΔΡ»
1657 2009 1713 2053 Et

328 2092 471 2129 recte:
502 2082 611 2126 Nam
635 2078 667 2124 si
684 2078 783 2124 solis
810 2077 956 2124 radios
975 2079 1091 2124 oculi
1115 2079 1251 2125 nostri
1269 2079 1378 2124 ferre
1395 2096 1483 2124 non
1506 2088 1707 2141 possunt,

328 2164 370 2199 et
391 2153 426 2199 si
449 2151 545 2216 quis
568 2149 730 2195 diutius
753 2166 774 2194 e
798 2149 969 2208 regione
988 2150 1088 2195 solis
1108 2149 1369 2205 intenderit,
1397 2150 1553 2196 caecari
1577 2148 1710 2194 solere

329 2224 591 2287 perhibetur
616 2241 627 2275 ς
650 2221 683 2266 si
709 2231 904 2266 creatura
925 2232 1165 2267 creaturam
1195 2223 1284 2267 sine
1304 2221 1459 2267 fraude
1483 2232 1611 2284 atque
1640 2219 1709 2265 of-

327 2294 517 2340 fensione
525 2291 587 2337 sui
603 2308 687 2336 non
695 2301 838 2353 potest
852 2291 1257 2355 intueri‚quomodo
1265 2302 1406 2354 potest
1415 2292 1503 2336 sine
1513 2289 1709 2354 periculo

328 2365 394 2411 sui
414 2363 659 2409 vibrantem
679 2377 855 2406 cernere
868 2361 1043 2406 vultum
1073 2362 1290 2407 Creatoris
1310 2361 1483 2416 aeterni,
1515 2359 1710 2423 corporis

327 2435 462 2495 huJus
479 2442 656 2496 opertus
675 2430 863 2484 exuviis?
877 2431 987 2487 Quis
999 2431 1114 2477 enim
1127 2432 1398 2491 justificatur
1410 2431 1455 2476 in
1472 2439 1710 2493 conspectu

372 2534 384 2556 ¹
410 2536 505 2566 Rom.
524 2543 569 2565 vn
585 2557 595 2573 ‚
614 2532 671 2566 23.
697 2546 744 2554 -
773 2528 788 2553 ²
808 2533 904 2563 Joan.
933 2542 968 2570 1,
994 2542 1027 2572 9.
1056 2548 1101 2555 —-
1133 2528 1148 2555 3
1177 2542 1190 2562 1
1214 2532 1290 2566 Cor.
1310 2539 1373 2563 xm
1392 2555 1403 2576 3
1431 2542 1484 2565 12.
1501 2548 1547 2556 —
1568 2526 1584 2554 ⁴
1603 2527 1707 2563 Exod.

326 2596 449 2627 xxxnr,
468 2598 524 2621 20.
1200 2592 1203 2594 ’
