1843 3190
264 266 437 295 comm
476 264 697 293 JI'MANLM
739 260 1039 300 muniamur,
1080 260 1168 289 Lm.
1208 259 1267 289 iv.
1346 243 1426 290 <281

70 332 202 376 liuere
227 331 280 374 ad
302 330 472 374 iaudem
495 329 642 389 gratiae
661 365 670 381 ‚
695 328 727 372 si
753 327 795 372 id
830 327 961 372 douct
981 326 1090 380 suis,
1118 325 1235 387 quod
1262 336 1440 388 peccata

68 403 212 465 impiis
229 401 500 460 largiuntur?
522 422 540 439 n
566 400 754 461 Propter
772 397 1029 461 pudicitiam
1049 396 1212 441 scilicet
1230 399 1440 455 conjuga-

67 472 177 526 lem,
202 488 331 533 quam
360 471 438 515 tibi
466 470 624 514 habere
641 468 844 514 videntur
863 479 903 513 et
928 467 1065 530 impii.
1098 467 1241 511 Homo
1263 477 1441 511 conten-

67 542 172 587 iiose
187 578 198 596 ,
218 541 354 586 virtus
372 540 559 586 donatur
582 557 676 584 vcra
692 557 768 602 per
787 539 965 598 gratiam
985 574 994 592 ‚
1013 554 1101 581 non
1119 553 1217 599 quae
1240 547 1439 593 vocatur,

68 623 109 657 et
128 629 216 656 non
239 622 313 657 est.
348 612 404 655 Ut
427 610 534 674 quid
555 621 694 655 autem
716 631 734 651 c<
758 608 1023 655 Pudicitiam
1048 618 1090 652 et
1109 606 1399 666 virginitatem
1423 629 1442 648 n

67 682 190 744 quusi
213 681 403 740 ejusdcm
440 679 796 739 generisjungis')
832 677 1052 724 Pudicitia
1085 694 1150 722 res
1183 687 1245 721 est
1278 677 1440 731 animi,

67 751 291 811 virginitas
311 751 522 813 corporis.
554 751 750 813 Denique
779 760 820 795 et
846 749 917 794 illa
936 750 1102 807 integra
1122 747 1166 792 in
1193 747 1335 792 animo
1347 764 1445 809 per·

67 832 268 866 manente
285 858 295 876 ‚
321 831 461 884 potest
478 822 557 866 ista
581 820 633 866 de
654 838 840 884 corpore
860 820 1068 865 violenter
1083 817 1237 863 auferri
1259 837 1270 871 ;
1291 827 1446 863 etcum

69 891 150 937 ista
185 891 348 950 integra
368 902 511 936 manet
539 891 738 954 corpori,
767 901 909 954 potest
942 889 1015 934 illa
1044 889 1088 934 in
1115 889 1257 933 auimo
1287 887 1447 933 lasciva

70 960 292 1006 voluntate
318 961 558 1024 corrumpi.
600 962 785 1023 Propter
803 959 923 1024 quod
946 976 1022 1019 ego
1040 976 1127 1004 non
1151 958 1259 1014 dixi,
1286 958 1446 1005 Verum

72 1031 350 1090 conjugium,
379 1031 466 1076 sive
502 1030 717 1086 viduum,
756 1031 842 1075 sive
871 1030 1120 1089 virginitas3
1159 1028 1259 1084 sed,
1297 1049 1317 1069 α
1339 1027 1449 1073 Vera

71 1100 288 1164 pudicitia
303 1137 314 1156 ,
344 1101 431 1146 sive
451 1100 690 1161 conjugalis
704 1136 715 1156 ,
737 1101 824 1145 sive
851 1099 1036 1146 vidualis
1054 1135 1063 1153 ‚
1088 1098 1175 1144 sive
1196 1097 1416 1157 virginalis
1433 1134 1445 1154 ‚

73 1170 258 1215 dicenda
296 1188 385 1215 non
426 1181 512 1226 est,
543 1171 624 1215 nisi
649 1187 749 1233 quae
786 1186 899 1215 verae
936 1168 1036 1214 fidei
1077 1166 1397 1231 mancipatur1.
1430 1188 1449 1208 υ

74 1243 291 1300 Conjuges
317 1240 431 1286 enim
455 1251 496 1285 et
517 1240 663 1285 viduae
687 1250 725 1284 et
746 1239 931 1299 virgines
953 1248 1138 1301 possunt
1159 1255 1270 1293 esse,
1297 1248 1338 1282 et
1361 1253 1450 1300 pu-

75 1311 186 1357 dicae
211 1327 298 1356 non
319 1328 404 1356 esse
423 1348 435 1366 ‚
466 1311 500 1355 si
522 1310 817 1356 contaminata
846 1309 1070 1355 voluntate
1093 1308 1392 1361 moechantur‚
1419 1307 1454 1352 si

75 1381 231 1445 spiritu
254 1381 430 1444 impuro
452 1391 603 1444 stupra
625 1380 917 1444 perpetranda
935 1379 1174 1425 decernunt
1197 1396 1207 1424 :
1228 1379 1273 1424 in
1293 1378 1453 1445 quibus

78 1463 225 1497 tamen
253 1469 398 1498 veram
425 1451 686 1514 pudicitiam
710 1452 819 1497 dicis
838 1468 946 1506 esse,
970 1450 1135 1495 etiamsi
1159 1450 1301 1494 animo
1314 1449 1454 1494 forni-

78 1532 255 1574 centur3
293 1520 414 1585 quod
452 1521 591 1567 facere
627 1538 773 1568 omnes
806 1520 962 1583 impios
997 1519 1166 1583 eloquia
1191 1519 1337 1565 divina
1367 1529 1454 1563 tes-

84 1602 246 1638 tantur.
1363 1646 1369 1650 ἱ

144 1663 305 1708 XLIX.
349 1662 457 1718 Quis
496 1672 638 1707 autem
674 1672 870 1707 nostrum
904 1660 1013 1706 dicit
1044 1677 1054 1704 :
1099 1681 1118 1700 κ
1148 1660 1456 1720 Conjugalium

78 1732 376 1777 membrorum
411 1732 575 1777 malum
609 1749 695 1777 esse
736 1741 1012 1785 consertum,
1038 1751 1058 1771 »
1090 1729 1133 1774 in
1172 1746 1258 1792 quo
1290 1730 1458 1792 nuptiae

79 1802 190 1846 bene
203 1811 387 1846 utuntur
405 1801 456 1847 ad
477 1801 783 1865 propagandos
803 1800 915 1846 filios
932 1799 1298 1862 concupiscentiae
1318 1799 1457 1844 malo?

82 1872 193 1927 Quae
213 1873 568 1934 concupiscentia
591 1871 754 1916 malum
778 1888 866 1916 non
890 1880 1018 1926 esset,
1047 1871 1081 1915 si
1110 1869 1199 1915 sola
1228 1869 1460 1930 generandi

81 1958 209 1988 causa
225 1941 281 1986 ad
299 1942 469 1988 licitum
489 1942 774 1988 concubitum
799 1951 1059 1987 moveretur.
1085 1941 1213 1986 Nunc
1238 1957 1338 1987 vero
1358 1956 1460 1985 cum

82 2012 120 2057 ei
146 2012 303 2058 resistit
332 2012 570 2072 conjugalis
608 2012 824 2075 pudicitia
842 2049 852 2067 ,
887 2011 1010 2056 limes
1040 2021 1101 2056 est
1132 2010 1260 2063 mali3
1298 2021 1340 2056 et
1364 2010 1460 2056 ideo

82 2082 249 2127 bonum
276 2093 352 2130 est.
384 2083 509 2128 Unde
528 2100 617 2128 non
639 2104 658 2124 α
681 2083 858 2128 Crimen
881 2085 971 2140 ejus
989 2081 1134 2129 (sicut
1151 2080 1460 2127 calumniando

82 2151 302 2214 loqueris)
337 2152 606 2215 impunitum
637 2154 687 2197 fit
716 2170 795 2215 per
825 2151 1075 2211 religionem
1099 2168 1110 2195 ι
1131 2172 1151 2192 »
1174 2151 1277 2213 quia
1305 2150 1465 2196 nullius

84 2232 147 2266 cst
167 2222 359 2267 criminis
374 2259 384 2277 ‚
409 2222 587 2285 quando
608 2239 685 2285 per
705 2222 804 2268 fidei
826 2222 994 2266 bonum
1018 2221 1129 2265 hene
1146 2221 1286 2266 utitur
1308 2220 1466 2266 libidi-

85 2293 150 2338 nis
175 2293 307 2339 malo.
338 2294 488 2356 *Neque
506 2294 580 2339 hic
603 2293 692 2339 dici
718 2304 860 2356 potest
878 2330 889 2348 ‚
924 2303 971 2338 ut
1006 2304 1136 2354 putas
1157 2309 1167 2337 :
1197 2313 1216 2333 α
1238 2293 1464 2338 Faciamus

87 2384 108 2404 2)
125 2362 235 2408 mala
254 2374 300 2408 ut
318 2364 494 2409 veniant
513 2363 678 2417 bona&
703 2386 721 2404 »
747 2364 848 2427 quia
876 2380 923 2408 ex
946 2362 1063 2407 nulla
1080 2362 1143 2408 sui
1165 2372 1288 2425 parte
1305 2362 1465 2408 malum

87 2444 188 2477 sunt
220 2434 402 2496 nuptiae.
450 2435 547 2479 Non
584 2435 699 2479 enim
745 2451 892 2480 earum
930 2433 1092 2478 malum
1130 2443 1220 2488 est,
1261 2432 1380 2495 quod
1419 2436 1464 2476 in

87 2502 339 2549 homiuibus
357 2521 465 2566 quos
485 2510 683 2567 parentes
707 2505 889 2564 gignunt
909 2541 918 2559 ,
944 2520 1030 2549 non
1050 2503 1247 2549 feceruut
1265 2539 1275 2558 ,
1305 2502 1373 2547 sed
1396 2503 1465 2546 iu-

140 2586 148 2607 ¹
173 2586 242 2618 Lib.
269 2597 297 2618 ι.
315 2586 354 2618 de
372 2590 472 2630 Nupt.
494 2594 523 2619 et
539 2589 685 2631 Com-up.
702 2598 826 2633 (¹³1‘·-
846 2586 861 2608 2
882 2591 973 2619 Rom.
993 2598 1040 2618 nr.
1063 2586 1093 2618 8,
