1843 3190
305 314 480 345 CONTRA
514 314 740 346 JULIANUM
778 315 1083 356 PELAGlANUM,
1123 317 1212 348 Lm.
1258 319 1317 349 vl.
1390 304 1484 361 445

179 378 341 426 LXIX.
367 400 387 421 «
410 379 508 425 Non
529 379 666 439 igitur
690 390 779 424 tota
798 379 1092 443 disputatione
1105 381 1208 444 quia
1220 383 1480 439 contrivisti,

115 448 228 494 sicut
252 459 291 494 te
307 452 465 508 jactas,
490 450 761 495 assertionem
790 467 927 495 meam
945 487 955 506 ‚
985 450 1038 496 de
1051 451 1163 496 malo
1188 452 1369 497 carnalis
1387 469 1488 498 con-

115 519 398 581 cupiscentiae
413 519 718 582 originalisque
742 519 935 583 peccati3
954 543 973 561 n
996 530 1197 566 manente
1221 521 1349 567 laude
1367 540 1487 586 nup-

115 589 292 644 tiarum,
319 607 419 654 quae
438 591 548 635 bene
567 601 752 636 utuntur
775 590 907 645 malo,
927 607 1016 635 non
1034 592 1153 653 quod
1175 591 1385 648 fecerunt,
1415 593 1487 639 sed

116 660 236 723 quod
268 660 539 707 invenerunt.
569 661 728 706 Verum
771 678 850 706 nec
881 661 997 723 ipsos
1025 662 1294 707 Maniehaeos
1322 664 1489 709 contii-

114 729 248 785 visti‚
269 747 376 794 quos
402 731 550 793 potius
576 730 806 789 adevisti‚
836 741 883 776 tu
914 731 1096 776 maxime
1119 742 1160 776 et
1191 732 1234 776 in
1260 748 1490 777 commune

118 816 265 845 omnes
303 800 547 860 Pelagianae
575 800 781 847 novitatis
808 800 1047 863 errorisque
1077 801 1311 864 participes
1333 839 1343 857 ‚
1380 803 1491 847 sicut

112 871 203 928 jam
230 869 538 916 demonstravi.
579 871 643 915 De
676 870 930 915 testimoniis
952 870 1079 915 etiam
1099 881 1385 916 tractatorum
1421 889 1490 917 ca·

118 938 385 985 tholicorum
424 941 560 986 sancti
593 939 740 985 Basilii
773 940 1046 985 Caesariensis
1072 951 1113 986 et
1147 941 1282 986 saneti
1316 942 1501 1002 Joannis

121 1009 595 1074 Constantinopolitani
612 1047 622 1064 ‚
644 1027 832 1074 quorum
855 1010 995 1055 dixisti
1019 1028 1186 1056 sensum
1217 1012 1365 1057 vestris
1387 1029 1495 1057 eon-

121 1081 268 1126 venire
293 1081 513 1126 sententiis
532 1118 543 1134 ‚
576 1081 621 1126 in
647 1081 791 1143 primo
812 1081 944 1140 hujus
967 1082 1051 1126 mei
1075 1083 1216 1144 operis
1238 1081 1352 1128 libro
1376 1119 1386 1137 ‚
1413 1083 1494 1127 tibi

122 1150 481 1197 sufficientissima
499 1162 541 1197 et
561 1151 796 1197 certissima
815 1150 993 1196 veritate
1016 1151 1244 1213 respondi3
1271 1151 1496 1197 ostendens

123 1222 493 1285 quemadmodum
528 1239 617 1267 non
643 1220 921 1280 intelligendo
941 1221 1143 1284 quaedam
1165 1222 1295 1267 verba
1320 1239 1465 1268 eorum
1481 1259 1492 1278 ‚

126 1292 328 1338 adversus
355 1292 513 1351 dogma
547 1308 693 1337 eorum
718 1328 729 1346 ‚
770 1291 889 1354 quod
922 1302 984 1336 est
1007 1290 1164 1351 dogma
1193 1291 1459 1337 catholicum
1483 1329 1494 1349 ,

125 1362 316 1408 mirabili
339 1362 537 1408 caecitate
559 1361 774 1425 pugnetis.
802 1362 851 1406 ln
875 1361 1064 1407 secundo
1080 1378 1255 1424 quoque
1266 1361 1380 1407 libro
1401 1363 1499 1407 satis

126 1433 309 1492 egimus,
337 1443 386 1478 ut
405 1442 614 1496 appareat
637 1448 769 1495 quam
793 1449 880 1477 non
904 1432 976 1488 sit,
997 1430 1367 1494 quemadmodum
1388 1449 1498 1477 con-

127 1502 326 1559 viciaris,
359 1523 378 1543 α
397 1501 672 1565 Conspiratio
711 1501 1012 1564 perditorum3
1042 1522 1061 1542 ›>
1092 1500 1165 1546 sed
1192 1511 1435 1546 sanctorum
1458 1512 1499 1546 et

129 1572 400 1642 eruditorum
425 1572 630 1618 Ecclesiae
668 1572 899 1618 catholicae
941 1583 1115 1635 patrum
1140 1571 1238 1634 pius
1278 1571 1501 1634 fidelisque

130 1660 360 1689 consensus
380 1681 391 1700 ,
431 1643 507 1706 qui
530 1643 750 1688 haereticae
775 1653 929 1688 vestrae
965 1642 1147 1687 novitati
1184 1642 1385 1686 resistunt
1418 1659 1499 1704 pro

132 1715 429 1778 antiquissima
464 1713 683 1759 catholica
721 1713 912 1759 veritate.
967 1712 1091 1758 Unde
1134 1712 1260 1757 etiam
1300 1733 1318 1752 «
1340 1713 1501 1775 Populi

131 1802 354 1838 murmur,
377 1784 496 1849 quod
520 1784 659 1830 solum
684 1784 810 1829 vobis
831 1801 853 1828 a
876 1784 1002 1829 nobis
1030 1782 1138 1828 dieis
1167 1783 1353 1845 opponi,
1379 1804 1398 1823 >2
1422 1800 1500 1828 nee

133 1854 273 1901 solum
302 1865 380 1911 est,
407 1855 510 1917 quia
537 1864 756 1900 tantorum
789 1853 943 1899 nititur
964 1852 1218 1898 auctoritate
1240 1851 1497 1905 doctorum3

134 1935 175 1970 et
194 1929 361 1985 Justum
387 1935 463 1980 est,
483 1925 586 1987 quia
604 1942 692 1970 non
713 1924 807 1969 vult
830 1935 878 1969 ut
898 1924 1095 1969 evertatis
1117 1923 1198 1968 sibi
1220 1938 1395 1985 quoque
1420 1940 1504 1967 no-

136 1995 342 2040 tissimam
368 1995 546 2040 salutem
571 2011 672 2058 quae
695 1996 740 2039 in
762 1994 938 2040 Christo
962 2005 1022 2039 est
1048 1992 1345 2057 parvulorum.

202 2066 338 2112 LXX.
365 2065 497 2122 Quod
523 2076 666 2111 autem
691 2065 823 2110 verba
845 2064 1079 2128 apostolica
1094 2101 1104 2117 ‚
1125 2063 1199 2108 ubi
1220 2062 1342 2112 dicit,
1369 2083 1386 2101 α
1406 2062 1504 2107 Scio

139 2159 160 2179 »
174 2137 273 2199 quia
292 2153 377 2181 non
390 2136 561 2181 habitat
575 2136 620 2181 in
647 2153 732 2191 me,
755 2136 841 2180 hoc
862 2146 940 2190 est,
963 2136 1008 2179 in
1028 2150 1156 2179 carne
1179 2149 1267 2178 mea
1287 2132 1451 2177 honum
1466 2153 1504 2186 3»

140 2218 181 2252 et
199 2217 354 2252 caetera
392 2223 525 2269 usque
549 2206 602 2251 ad
626 2206 736 2251 illud
761 2243 771 2261 ‚
815 2206 892 2250 ubi
916 2206 1003 2257 ait,
1037 2225 1057 2244 «
1076 2204 1206 2248 Miser
1232 2219 1309 2261 ego
1342 2202 1474 2247 homo
1490 2240 1502 2259 ,

141 2278 269 2340 »quis
290 2293 355 2321 me
378 2275 581 2321 liberabit
592 2275 645 2321 de
659 2293 842 2338 corpore
861 2275 1007 2320 mortis
1023 2274 1154 2332 hujus
1172 2293 1183 2325 ;
1201 2293 1219 2313 >³
1242 2289 1308 2316 me
1325 2272 1508 2317 affirmas

144 2348 265 2393 aliter
287 2345 538 2404 intelligere,
562 2362 690 2408 quam
716 2356 852 2390 totum
872 2345 1015 2406 ipsum
1037 2341 1279 2405 capitulum
1301 2341 1429 2386 debet
1449 2342 1512 2386 in-

143 2417 276 2477 telligi
299 2435 309 2460 z
332 2437 351 2456 >³
372 2416 561 2461 nesciens
582 2415 690 2460 mihi
710 2415 950 2477 plurimum
984 2412 1152 2458 tribuis,
1178 2412 1274 2456 Non
1299 2411 1413 2455 enim
1434 2427 1511 2469 ego

146 2487 260 2533 solus
281 2496 356 2532 aut
377 2486 545 2548 primus
564 2486 624 2531 sic
651 2485 780 2530 istum
800 2483 944 2529 locum
965 2482 1150 2528 intellexi
1170 2518 1179 2533 ,
1208 2498 1294 2544 quo
1309 2480 1515 2525 evertitur

145 2557 323 2603 haeresis
356 2566 516 2610 vestra,
555 2553 925 2618 quemadmodum
957 2569 1054 2598 vere
1078 2549 1381 2610 intelligendus
1417 2560 1512 2595 est:

148 2627 237 2674 imo
260 2643 360 2675 vero
394 2641 471 2686 ego
493 2624 618 2688 prius
652 2641 751 2672 eum
775 2624 898 2671 aliter
917 2622 1205 2670 intellexeram
1224 2657 1235 2677 ‚
1268 2619 1335 2667 vel
1373 2620 1519 2683 potius
