1843 3190
29 255 31 287 'l
84 280 259 311 CONTRA
292 280 404 310 DUAS
439 278 673 311 EPISTOLAS
711 278 1075 321 PELAGIANORUM,
1116 283 1202 313 LIB.
1246 284 1304 315 lV.
1390 269 1445 316 81

30 346 31 409 ζ
85 344 222 399 Dei1;
243 362 344 391 611111
365 346 493 391 unius
518 361 691 408 quoque
709 344 795 389 diei
822 344 964 389 infans
992 345 1183 391 mundus
1216 364 1238 392 a
1266 360 1450 409 peccato

29 465 31 470 ἱ
80 432 166 461 esse
183 432 272 460 non
297 416 454 478 possit,
477 425 518 460 et
535 431 660 459 nemo
680 414 816 476 possit
841 413 894 458 de
909 414 972 459 sui
990 414 1135 460 cordis
1149 415 1391 475 integritate
1410 429 1451 464 et

28 476 31 546 ζ
79 485 332 530 castimonia
352 485 582 545 gloriari2?

28 603 31 619 Δ
143 555 330 600 ΧΧΧΙΙ-.
365 555 501 600 Nimis
524 554 704 615 longum
738 555 846 610 erit,
876 555 910 600 si
934 554 1078 599 omnia
1098 554 1226 600 velim
1255 572 1451 601 comme-

77 640 263 677 morare,
293 642 392 687 quae
414 635 588 670 sanctus
610 624 863 670 Ambrosius
888 623 1091 669 adversus
1112 624 1228 669 hanc
1249 625 1451 670 haeresim

76 693 407 753 Pelagianorum
427 706 545 740 tanto
571 706 670 758 post
699 705 960 749 exorturam,
985 711 1074 738 non
1095 693 1151 738 eis
1170 694 1348 756 quidem
1367 712 1451 740 res-

74 764 271 827 pondens
287 802 297 820 ‚
321 765 394 811 sed
420 765 664 828 praedicans
695 764 959 810 catholicam
993 763 1122 808 fidem
1143 800 1154 819 ‚
1188 774 1316 827 atque
1338 765 1383 809 in
1404 782 1452 810 ea

75 833 272 880 homines
305 835 526 881 aedificans
563 835 669 880 dixit
698 845 740 879 et
765 835 950 896 scripsit.
985 833 1069 878 Sed
1094 850 1173 878 nec
1197 833 1271 878 illa
1304 837 1451 879 onmia

75 920 412 951 commemorare
443 907 567 968 potui
594 906 661 950 vel
697 905 861 960 debui,
904 920 1003 966 quae
1041 903 1366 962 gloriosissimus
1404 905 1451 949 in

73 975 262 1019 Domino
282 975 528 1037 Cyprianus
550 975 696 1037 posuit
719 975 764 1019 in
800 973 1005 1036 Epistolis
1038 973 1124 1017 suis
1141 1008 1152 1027 ,
1181 973 1342 1034 quibus
1369 973 1451 1018 de-

72 1053 334 1089 monstretur
352 1081 362 1099 ,
384 1061 517 1107 quam
555 1044 609 1088 sit
635 1043 733 1088 haec
752 1079 763 1098 ‚
799 1059 932 1105 quam
967 1052 1159 1086 tenemus
1177 1077 1187 1094 ‚
1220 1040 1327 1084 fides
1351 1057 1450 1087 vera

72 1129 256 1176 vereque
280 1114 520 1159 christiana
543 1123 672 1176 atque
697 1112 930 1167 catholica,
960 1111 1073 1156 sicut
1099 1127 1178 1172 per
1199 1111 1449 1172 Scripturas

24 1238 25 1241 Ἴ
71 1195 239 1229 sanctas
263 1185 502 1248 antiquitus
524 1184 703 1239 tradita,
726 1183 786 1228 sic
807 1201 828 1228 a
844 1182 1044 1246 patribus
1058 1180 1231 1236 nostris9
1252 1190 1295 1225 et
1314 1197 1449 1245 usque

28 1248 31 1275 ¹
71 1253 126 1299 ad
150 1254 238 1301 1106
257 1265 445 1318 tempus,
474 1273 562 1319 quo
584 1255 654 1300 isti
679 1271 774 1300 eam
794 1252 1035 1299 convellere
1060 1262 1352 1308 tentaverunt,
1375 1269 1447 1297 re-

24 1373 25 1377 ,
68 1334 186 1370 tenta
211 1336 339 1389 atque
365 1336 531 1372 servata
555 1362 567 1382 ,
597 1336 638 1370 et
662 1324 868 1388 deinceps
890 1323 1084 1386 propitio
1106 1323 1197 1367 Deo
1221 1321 1448 1367 retinenda

67 1403 198 1456 ,atque
215 1395 440 1442 servanda.
467 1395 578 1440 Nam
597 1395 657 1440 sic
684 1394 908 1457 Cypriano
928 1403 970 1438 et
989 1410 1011 1437 a
1036 1392 1258 1455 Cypriano
1288 1392 1447 1437 tradita

28 1473 31 1498 ³
67 1462 166 1509 haec
192 1474 318 1527 atque
349 1464 604 1524 hujusmodi
633 1481 680 1509 ex
703 1467 793 1522 ejus
824 1463 977 1508 litteris
1003 1463 1245 1506 testimonia
1272 1461 1446 1524 prolata

27 1539 31 1553 '
68 1543 277 1578 testantur
301 1553 311 1580 :
337 1535 396 1579 sic
413 1545 553 1580 autem
571 1550 707 1596 usque
729 1533 784 1577 ad
811 1544 1004 1595 tempora
1024 1542 1170 1576 nostra
1191 1542 1375 1587 servata,
1395 1548 1444 1577 ea

29 1626 31 1640 ι
66 1619 166 1665 quae
183 1603 236 1648 de
256 1604 324 1649 his
343 1605 471 1649 rebus
498 1615 730 1665 antequam
751 1603 823 1647 isti
846 1602 1029 1647 ebullire
1049 1601 1283 1663 coepissent
1300 1638 1311 1655 ‚
1330 1603 1441 1646 Am-

64 1671 239 1718 brosius
256 1674 540 1736 conscripsit,
563 1673 797 1717 ostendunt
814 1709 825 1728 ,
862 1682 904 1716 et
923 1671 1043 1734 quod
1064 1687 1207 1715 eorum
1238 1670 1441 1733 profanas

27 1754 31 1788 ἴ
64 1743 275 1788 novitates
291 1744 520 1789 catholicae
539 1760 661 1788 aures
678 1760 778 1805 quae
799 1742 963 1805 ubique
987 1753 1104 1795 sunt,
1134 1741 1398 1786 horruerunt
1421 1760 1433 1786 ;

27 1819 31 1874 ζ»
64 1812 123 1857 sic
142 1831 272 1875 porro
296 1813 499 1877 deinceps
525 1831 610 1858 esse
630 1812 859 1866 servanda,
885 1812 982 1857 satis
1005 1811 1236 1857 salubriter
1255 1812 1438 1858 istorum

62 1884 224 1945 partim
247 1884 488 1940 damnatio,
512 1885 673 1947 partim
690 1883 900 1929 correctio
914 1883 1163 1929 declaravit.
1195 1883 1437 1938 Quodlibet

28 1951 29 2003 ᾗ
62 1954 176 1998 enim
200 1955 356 2001 mutire
375 1956 562 2000 audeant
593 1954 792 2000 adversus
818 1970 965 1999 sanam
994 1952 1125 1997 fidem
1152 1952 1363 2015 Cypriani
1393 1964 1436 1999 et

28 2009 31 2033 ³
63 2024 308 2081 Ambrosii,
348 2042 435 2070 non
457 2042 526 2071 eos
569 2035 679 2088 puto
702 2025 749 2069 in
767 2034 854 2069 tam
890 2040 1098 2083 magnum
1142 2035 1437 2086 prorupturos

8 2121 10 2129 ι
59 2093 249 2141 furorem
267 2134 278 2153 ‚
301 2107 350 2142 ut
374 2107 636 2142 memoratos
655 2106 696 2141 et
712 2095 1013 2141 memorabiles
1028 2095 1227 2140 homines
1247 2096 1327 2141 Dei
1352 2112 1434 2141 au-

124 2237 331 2283 XXXIII.
359 2235 478 2293 Quid
499 2246 563 2281 est
580 2252 680 2294 ergo
702 2234 823 2298 quod
856 2233 1028 2279 rabiosa
1056 2234 1209 2280 mentis
1235 2235 1432 2282 caecitate

57 2322 176 2351 nunc
191 2310 362 2366 jactant
378 2341 388 2357 ‚
417 2327 437 2347 «
458 2316 546 2351 toto
565 2305 740 2368 penitus
766 2303 1008 2350 Occidente
1036 2322 1124 2349 non
1146 2305 1290 2351 minus
1313 2305 1426 2352 stul-

28 2374 31 2390 *
55 2386 150 2422 tum
172 2394 305 2441 quam
323 2377 510 2440 impium
534 2377 693 2436 dogma
716 2378 998 2438 susceptum?
1017 2397 1036 2416 »
1055 2375 1429 2440 Quandoquidem

56 2447 246 2493 Domino
264 2447 492 2493 miserante
515 2463 722 2511 suamque
743 2445 981 2492 Ecclesiam
1000 2446 1336 2493 misericorditer
1356 2466 1433 2508 gu-

28 2530 31 2544 '
57 2515 283 2574 bernaium,
303 2518 367 2564 sic.
380 2518 576 2578 vigilavit
592 2517 812 2564 catholica
828 2516 955 2574 fides,
983 2527 1032 2563 ut
1050 2534 1137 2563 non
1155 2518 1300 2564 minus
1319 2520 1431 2565 stul-

105 2599 117 2622 ¹
131 2599 216 2635 Psal.
235 2611 331 2640 cun,
349 2612 384 2637 2.
398 2599 470 2625 ——2
486 2602 561 2634 Job.
579 2613 647 2645 xiv,
663 2602 753 2644 juxta
769 2611 847 2634 Lxx.

188 2669 319 2703 cxm.
1274 2657 1304 2701 6
