<?xml version="1.0" encoding="UTF-8"?>
<!DOCTYPE html PUBLIC "-//W3C//DTD XHTML 1.0 Transitional//EN"
    "http://www.w3.org/TR/xhtml1/DTD/xhtml1-transitional.dtd">
<html xmlns="http://www.w3.org/1999/xhtml" xml:lang="en" lang="en">
 <head>
  <title>
</title>
<meta http-equiv="Content-Type" content="text/html;charset=utf-8" />
  <meta name='ocr-system' content='tesseract 3.04.00' />
  <meta name='ocr-capabilities' content='ocr_page ocr_carea ocr_par ocr_line ocrx_word'/>
</head>
<body>
  <div class='ocr_page' id='page_1' title='image "./operaomniaaccura35auguuoft/operaomniaaccura35auguuoft_0036.png"; bbox 0 0 1843 3190; ppageno 0'>
   <div class='ocr_carea' id='block_1_1' title="bbox 354 286 1324 339">
    <p class='ocr_par' dir='ltr' id='par_1_1' title="bbox 354 286 1324 339">
     <span class='ocr_line' id='line_1_1' title="bbox 354 286 1324 339; baseline 0.001 -2"><span class='ocrx_word' id='word_1_1' title='bbox 354 286 413 337; x_wconf 71' lang='lat'>26</span> <span class='ocrx_word' id='word_1_2' title='bbox 751 306 786 339; x_wconf 82' lang='lat' dir='ltr'>s.</span> <span class='ocrx_word' id='word_1_3' title='bbox 829 303 1071 338; x_wconf 70' lang='lat' dir='ltr'>Aucus’rrm</span> <span class='ocrx_word' id='word_1_4' title='bbox 1106 303 1324 338; x_wconf 66' lang='lat' dir='ltr'>muscom.</span> 
     </span>
    </p>
   </div>
   <div class='ocr_carea' id='block_1_2' title="bbox 350 369 1730 2551">
    <p class='ocr_par' dir='ltr' id='par_1_2' title="bbox 350 369 1725 652">
     <span class='ocr_line' id='line_1_2' title="bbox 350 369 1721 438; baseline 0.001 -21"><span class='ocrx_word' id='word_1_5' title='bbox 350 370 564 435; x_wconf 82' lang='lat' dir='ltr'><strong>procedit.</strong></span> <span class='ocrx_word' id='word_1_6' title='bbox 614 372 737 421; x_wconf 85' lang='lat' dir='ltr'>Sicut</span> <span class='ocrx_word' id='word_1_7' title='bbox 764 390 992 438; x_wconf 86' lang='lat' dir='ltr'>possumus</span> <span class='ocrx_word' id='word_1_8' title='bbox 1031 373 1173 419; x_wconf 84' lang='lat' dir='ltr'>dicere</span> <span class='ocrx_word' id='word_1_9' title='bbox 1203 373 1445 437; x_wconf 88' lang='lat' dir='ltr'>perfectum</span> <span class='ocrx_word' id='word_1_10' title='bbox 1470 390 1555 421; x_wconf 86' lang='lat' dir='ltr'>esse</span> <span class='ocrx_word' id='word_1_11' title='bbox 1577 369 1721 421; x_wconf 75' lang='lat' dir='ltr'>viato-</span> 
     </span>
     <span class='ocr_line' id='line_1_3' title="bbox 350 445 1722 514; baseline 0.003 -27"><span class='ocrx_word' id='word_1_12' title='bbox 350 459 458 499; x_wconf 84' lang='lat' dir='ltr'>rem,</span> <span class='ocrx_word' id='word_1_13' title='bbox 487 450 609 506; x_wconf 80' lang='lat' dir='ltr'>cujus</span> <span class='ocrx_word' id='word_1_14' title='bbox 622 449 732 495; x_wconf 85' lang='lat' dir='ltr'>bene</span> <span class='ocrx_word' id='word_1_15' title='bbox 754 468 937 514; x_wconf 71' lang='lat' dir='ltr'>promox</span> <span class='ocrx_word' id='word_1_16' title='bbox 940 461 1034 496; x_wconf 88' lang='lat' dir='ltr'>etur</span> <span class='ocrx_word' id='word_1_17' title='bbox 1058 449 1256 502; x_wconf 81' lang='lat' dir='ltr'>accessio,</span> <span class='ocrx_word' id='word_1_18' title='bbox 1281 445 1480 512; x_wconf 88' lang='lat' dir='ltr'>quamvis</span> <span class='ocrx_word' id='word_1_19' title='bbox 1509 462 1599 490; x_wconf 84' lang='lat' dir='ltr'>non</span> <span class='ocrx_word' id='word_1_20' title='bbox 1618 461 1722 507; x_wconf 88' lang='lat' dir='ltr'>per-</span> 
     </span>
     <span class='ocr_line' id='line_1_4' title="bbox 352 513 1725 583; baseline 0 -23"><span class='ocrx_word' id='word_1_21' title='bbox 352 513 523 562; x_wconf 86' lang='lat' dir='ltr'>ficiatur</span> <span class='ocrx_word' id='word_1_22' title='bbox 562 518 768 575; x_wconf 90' lang='lat' dir='ltr'>intentio</span> <span class='ocrx_word' id='word_1_23' title='bbox 807 523 888 567; x_wconf 88' lang='lat' dir='ltr'>nisi</span> <span class='ocrx_word' id='word_1_24' title='bbox 914 522 1043 567; x_wconf 89' lang='lat' dir='ltr'>fuerit</span> <span class='ocrx_word' id='word_1_25' title='bbox 1079 521 1192 566; x_wconf 82' lang='lat' dir='ltr'>facta</span> <span class='ocrx_word' id='word_1_26' title='bbox 1216 518 1455 583; x_wconf 74' lang='lat' dir='ltr'>perventio.</span> <span class='ocrx_word' id='word_1_27' title='bbox 1486 520 1725 578; x_wconf 80' lang='lat' dir='ltr'>Propterea</span> 
     </span>
     <span class='ocr_line' id='line_1_5' title="bbox 352 585 1721 652; baseline 0.004 -24"><span class='ocrx_word' id='word_1_28' title='bbox 352 599 452 629; x_wconf 88' lang='lat' dir='ltr'>cum</span> <span class='ocrx_word' id='word_1_29' title='bbox 476 586 670 645; x_wconf 73' lang='lat' dir='ltr'>dixisset,</span> <span class='ocrx_word' id='word_1_30' title='bbox 708 613 727 632; x_wconf 90' lang='lat'>«</span> <span class='ocrx_word' id='word_1_31' title='bbox 749 593 999 638; x_wconf 88' lang='lat' dir='ltr'>Secundum</span> <span class='ocrx_word' id='word_1_32' title='bbox 1018 591 1267 651; x_wconf 83' lang='lat' dir='ltr'>J&#39;ustitiam.</span> <span class='ocrx_word' id='word_1_33' title='bbox 1303 605 1404 652; x_wconf 83' lang='lat' dir='ltr'>quae</span> <span class='ocrx_word' id='word_1_34' title='bbox 1438 587 1484 633; x_wconf 89' lang='lat' dir='ltr'>in</span> <span class='ocrx_word' id='word_1_35' title='bbox 1515 585 1606 646; x_wconf 84' lang='lat' dir='ltr'>lege</span> <span class='ocrx_word' id='word_1_36' title='bbox 1629 595 1721 639; x_wconf 77' lang='lat' dir='ltr'>est,</span> 
     </span>
    </p>

    <p class='ocr_par' dir='ltr' id='par_1_3' title="bbox 355 620 1726 797">
     <span class='ocr_line' id='line_1_6' title="bbox 355 620 1726 726; baseline -0.003 -21"><span class='ocrx_word' id='word_1_37' title='bbox 355 672 376 693; x_wconf 71' lang='lat'>³&gt;</span> <span class='ocrx_word' id='word_1_38' title='bbox 400 656 475 717; x_wconf 80' lang='lat' dir='ltr'>qui</span> <span class='ocrx_word' id='word_1_39' title='bbox 509 658 665 705; x_wconf 83' lang='lat' dir='ltr'>fuerim</span> <span class='ocrx_word' id='word_1_40' title='bbox 696 664 783 708; x_wconf 86' lang='lat' dir='ltr'>sine</span> <span class='ocrx_word' id='word_1_41' title='bbox 805 663 1008 726; x_wconf 85' lang='lat' dir='ltr'>querela:</span> <span class='ocrx_word' id='word_1_42' title='bbox 1039 685 1058 705; x_wconf 68' lang='lat'>&gt;³</span> <span class='ocrx_word' id='word_1_43' title='bbox 1083 679 1182 707; x_wconf 74' lang='lat' dir='ltr'>mox</span> <span class='ocrx_word' id='word_1_44' title='bbox 1207 660 1403 714; x_wconf 81' lang='lat' dir='ltr'>addidit,</span> <span class='ocrx_word' id='word_1_45' title='bbox 1428 679 1448 700; x_wconf 80' lang='grc' dir='ltr'>α</span> <span class='ocrx_word' id='word_1_46' title='bbox 1475 658 1587 714; x_wconf 85' lang='lat' dir='ltr'>Quae</span> <span class='ocrx_word' id='word_1_47' title='bbox 1612 620 1726 701; x_wconf 74' lang='lat' dir='ltr'>mihi</span> 
     </span>
     <span class='ocr_line' id='line_1_7' title="bbox 356 724 1719 797; baseline 0.001 -28"><span class='ocrx_word' id='word_1_48' title='bbox 356 743 376 763; x_wconf 84' lang='lat'>»</span> <span class='ocrx_word' id='word_1_49' title='bbox 395 724 516 773; x_wconf 87' lang='lat' dir='ltr'>lucra</span> <span class='ocrx_word' id='word_1_50' title='bbox 528 728 726 785; x_wconf 82' lang='lat' dir='ltr'>fuerunt,</span> <span class='ocrx_word' id='word_1_51' title='bbox 746 734 845 779; x_wconf 81' lang='lat' dir='ltr'>haec</span> <span class='ocrx_word' id='word_1_52' title='bbox 865 745 1045 797; x_wconf 69' lang='lat' dir='ltr'>propter</span> <span class='ocrx_word' id='word_1_53' title='bbox 1064 733 1290 778; x_wconf 81' lang='lat' dir='ltr'>Christum</span> <span class='ocrx_word' id='word_1_54' title='bbox 1309 730 1468 776; x_wconf 87' lang='lat' dir='ltr'>damna</span> <span class='ocrx_word' id='word_1_55' title='bbox 1483 744 1568 773; x_wconf 90' lang='lat' dir='ltr'>esse</span> <span class='ocrx_word' id='word_1_56' title='bbox 1587 726 1719 772; x_wconf 85' lang='lat' dir='ltr'>duxi:</span> 
     </span>
    </p>

    <p class='ocr_par' dir='ltr' id='par_1_4' title="bbox 354 795 1730 2339">
     <span class='ocr_line' id='line_1_8' title="bbox 355 795 1725 876; baseline 0 -36"><span class='ocrx_word' id='word_1_57' title='bbox 355 813 378 834; x_wconf 81' lang='lat'>»</span> <span class='ocrx_word' id='word_1_58' title='bbox 402 811 697 847; x_wconf 70' lang='lat' dir='ltr'>xerumtamen</span> <span class='ocrx_word' id='word_1_59' title='bbox 715 804 903 849; x_wconf 79' lang='lat' dir='ltr'>arbitror</span> <span class='ocrx_word' id='word_1_60' title='bbox 920 805 1064 850; x_wconf 81' lang='lat' dir='ltr'>onmia</span> <span class='ocrx_word' id='word_1_61' title='bbox 1085 803 1294 848; x_wconf 84' lang='lat' dir='ltr'>damnum</span> <span class='ocrx_word' id='word_1_62' title='bbox 1315 817 1400 846; x_wconf 86' lang='lat' dir='ltr'>esse</span> <span class='ocrx_word' id='word_1_63' title='bbox 1424 808 1605 876; x_wconf 83' lang='lat' dir='ltr'>propter</span> <span class='ocrx_word' id='word_1_64' title='bbox 1623 795 1725 841; x_wconf 86' lang='lat' dir='ltr'>emi-</span> 
     </span>
     <span class='ocr_line' id='line_1_9' title="bbox 357 869 1727 930; baseline 0.002 -22"><span class='ocrx_word' id='word_1_65' title='bbox 357 881 378 902; x_wconf 84' lang='lat'>»</span> <span class='ocrx_word' id='word_1_66' title='bbox 398 877 569 913; x_wconf 84' lang='lat' dir='ltr'>nentem</span> <span class='ocrx_word' id='word_1_67' title='bbox 592 872 812 918; x_wconf 84' lang='lat' dir='ltr'>scientiam</span> <span class='ocrx_word' id='word_1_68' title='bbox 841 873 1004 918; x_wconf 82' lang='lat' dir='ltr'>Christi</span> <span class='ocrx_word' id='word_1_69' title='bbox 1032 876 1130 917; x_wconf 88' lang='lat' dir='ltr'>Jesu</span> <span class='ocrx_word' id='word_1_70' title='bbox 1158 870 1334 916; x_wconf 88' lang='lat' dir='ltr'>Domini</span> <span class='ocrx_word' id='word_1_71' title='bbox 1363 869 1522 924; x_wconf 84' lang='lat' dir='ltr'>nostri,</span> <span class='ocrx_word' id='word_1_72' title='bbox 1545 876 1727 930; x_wconf 88' lang='lat' dir='ltr'>propter</span> 
     </span>
     <span class='ocr_line' id='line_1_10' title="bbox 357 937 1725 998; baseline 0.001 -18"><span class='ocrx_word' id='word_1_73' title='bbox 357 951 377 972; x_wconf 74' lang='lat'>&gt;³</span> <span class='ocrx_word' id='word_1_74' title='bbox 395 950 522 998; x_wconf 81' lang='lat' dir='ltr'>quem</span> <span class='ocrx_word' id='word_1_75' title='bbox 536 942 680 986; x_wconf 83' lang='lat' dir='ltr'>onmia</span> <span class='ocrx_word' id='word_1_76' title='bbox 699 960 785 988; x_wconf 87' lang='lat' dir='ltr'>non</span> <span class='ocrx_word' id='word_1_77' title='bbox 800 943 936 989; x_wconf 84' lang='lat' dir='ltr'>solum</span> <span class='ocrx_word' id='word_1_78' title='bbox 957 944 1213 989; x_wconf 88' lang='lat' dir='ltr'>detrimenta</span> <span class='ocrx_word' id='word_1_79' title='bbox 1228 940 1410 995; x_wconf 89' lang='lat' dir='ltr'>credidi,</span> <span class='ocrx_word' id='word_1_80' title='bbox 1430 955 1580 985; x_wconf 78' lang='lat' dir='ltr'>verum</span> <span class='ocrx_word' id='word_1_81' title='bbox 1595 937 1725 982; x_wconf 87' lang='lat' dir='ltr'>etiam</span> 
     </span>
     <span class='ocr_line' id='line_1_11' title="bbox 358 1008 1728 1073; baseline 0.002 -24"><span class='ocrx_word' id='word_1_82' title='bbox 358 1015 585 1054; x_wconf 82' lang='lat' dir='ltr'>»stercora</span> <span class='ocrx_word' id='word_1_83' title='bbox 623 1013 856 1059; x_wconf 72' lang='lat' dir='ltr'>existimavi</span> <span class='ocrx_word' id='word_1_84' title='bbox 883 1032 968 1059; x_wconf 83' lang='lat' dir='ltr'>esse</span> <span class='ocrx_word' id='word_1_85' title='bbox 988 1052 998 1067; x_wconf 78' lang='lat'>,</span> <span class='ocrx_word' id='word_1_86' title='bbox 1032 1024 1079 1059; x_wconf 89' lang='lat' dir='ltr'>ut</span> <span class='ocrx_word' id='word_1_87' title='bbox 1104 1013 1330 1059; x_wconf 85' lang='lat' dir='ltr'>Christum</span> <span class='ocrx_word' id='word_1_88' title='bbox 1358 1008 1626 1073; x_wconf 83' lang='lat' dir='ltr'>lucrifaciam</span> <span class='ocrx_word' id='word_1_89' title='bbox 1648 1044 1658 1062; x_wconf 83' lang='lat'>‚</span> <span class='ocrx_word' id='word_1_90' title='bbox 1685 1016 1728 1053; x_wconf 86' lang='lat' dir='ltr'>et</span> 
     </span>
     <span class='ocr_line' id='line_1_12' title="bbox 359 1074 1727 1144; baseline 0 -22"><span class='ocrx_word' id='word_1_91' title='bbox 359 1091 380 1115; x_wconf 72' lang='lat'>&#39;³‘</span> <span class='ocrx_word' id='word_1_92' title='bbox 396 1074 588 1125; x_wconf 75' lang='lat' dir='ltr'>inveniar</span> <span class='ocrx_word' id='word_1_93' title='bbox 614 1083 659 1127; x_wconf 87' lang='lat' dir='ltr'>in</span> <span class='ocrx_word' id='word_1_94' title='bbox 680 1084 754 1128; x_wconf 89' lang='lat' dir='ltr'>illo</span> <span class='ocrx_word' id='word_1_95' title='bbox 769 1103 856 1130; x_wconf 88' lang='lat' dir='ltr'>non</span> <span class='ocrx_word' id='word_1_96' title='bbox 870 1085 1036 1130; x_wconf 84' lang='lat' dir='ltr'>habens</span> <span class='ocrx_word' id='word_1_97' title='bbox 1055 1101 1192 1129; x_wconf 86' lang='lat' dir='ltr'>meam</span> <span class='ocrx_word' id='word_1_98' title='bbox 1210 1081 1422 1142; x_wconf 86' lang='lat' dir='ltr'>justitiam</span> <span class='ocrx_word' id='word_1_99' title='bbox 1443 1096 1544 1144; x_wconf 85' lang='lat' dir='ltr'>quae</span> <span class='ocrx_word' id='word_1_100' title='bbox 1567 1096 1614 1124; x_wconf 87' lang='lat' dir='ltr'>ex</span> <span class='ocrx_word' id='word_1_101' title='bbox 1635 1077 1727 1136; x_wconf 86' lang='lat' dir='ltr'>lege</span> 
     </span>
     <span class='ocr_line' id='line_1_13' title="bbox 361 1147 1725 1218; baseline 0.003 -29"><span class='ocrx_word' id='word_1_102' title='bbox 361 1163 380 1183; x_wconf 76' lang='lat'>›&gt;</span> <span class='ocrx_word' id='word_1_103' title='bbox 398 1157 459 1191; x_wconf 82' lang='lat' dir='ltr'>est</span> <span class='ocrx_word' id='word_1_104' title='bbox 478 1185 487 1202; x_wconf 79' lang='lat'>,</span> <span class='ocrx_word' id='word_1_105' title='bbox 518 1151 590 1196; x_wconf 73' lang='lat' dir='ltr'>sed</span> <span class='ocrx_word' id='word_1_106' title='bbox 604 1170 695 1198; x_wconf 87' lang='lat' dir='ltr'>eam</span> <span class='ocrx_word' id='word_1_107' title='bbox 713 1172 814 1218; x_wconf 83' lang='lat' dir='ltr'>quae</span> <span class='ocrx_word' id='word_1_108' title='bbox 834 1166 895 1199; x_wconf 84' lang='lat' dir='ltr'>est</span> <span class='ocrx_word' id='word_1_109' title='bbox 917 1172 996 1218; x_wconf 87' lang='lat' dir='ltr'>per</span> <span class='ocrx_word' id='word_1_110' title='bbox 1018 1154 1146 1200; x_wconf 84' lang='lat' dir='ltr'>fidem</span> <span class='ocrx_word' id='word_1_111' title='bbox 1170 1153 1351 1205; x_wconf 75' lang='lat' dir='ltr'>Christi,</span> <span class='ocrx_word' id='word_1_112' title='bbox 1376 1147 1473 1215; x_wconf 81' lang='lat' dir='ltr'>quae</span> <span class='ocrx_word' id='word_1_113' title='bbox 1487 1160 1548 1196; x_wconf 86' lang='lat' dir='ltr'>est</span> <span class='ocrx_word' id='word_1_114' title='bbox 1566 1166 1613 1194; x_wconf 89' lang='lat' dir='ltr'>ex</span> <span class='ocrx_word' id='word_1_115' title='bbox 1634 1149 1725 1193; x_wconf 89' lang='lat' dir='ltr'>Deo</span> 
     </span>
     <span class='ocr_line' id='line_1_14' title="bbox 359 1218 1728 1288; baseline 0.001 -26"><span class='ocrx_word' id='word_1_116' title='bbox 359 1232 379 1253; x_wconf 87' lang='lat'>»</span> <span class='ocrx_word' id='word_1_117' title='bbox 397 1218 563 1274; x_wconf 68' lang='lat' dir='ltr'>justim</span> <span class='ocrx_word' id='word_1_118' title='bbox 591 1223 636 1267; x_wconf 87' lang='lat' dir='ltr'>in</span> <span class='ocrx_word' id='word_1_119' title='bbox 660 1224 789 1270; x_wconf 69' lang='lat' dir='ltr'>fide‘l.</span> <span class='ocrx_word' id='word_1_120' title='bbox 817 1246 836 1265; x_wconf 85' lang='lat'>»</span> <span class='ocrx_word' id='word_1_121' title='bbox 862 1226 975 1270; x_wconf 89' lang='lat' dir='ltr'>Ecce</span> <span class='ocrx_word' id='word_1_122' title='bbox 1008 1224 1237 1288; x_wconf 85' lang='lat' dir='ltr'>Apostolus</span> <span class='ocrx_word' id='word_1_123' title='bbox 1261 1220 1728 1281; x_wconf 74' lang='lat' dir='ltr'>secundumjustitiam</span> 
     </span>
     <span class='ocr_line' id='line_1_15' title="bbox 358 1289 1729 1357; baseline 0.002 -25"><span class='ocrx_word' id='word_1_124' title='bbox 358 1299 457 1346; x_wconf 79' lang='lat' dir='ltr'>quae</span> <span class='ocrx_word' id='word_1_125' title='bbox 467 1307 512 1334; x_wconf 83' lang='lat' dir='ltr'>ex</span> <span class='ocrx_word' id='word_1_126' title='bbox 540 1291 629 1345; x_wconf 70' lang='lat' dir='ltr'>leon</span> <span class='ocrx_word' id='word_1_127' title='bbox 642 1304 724 1348; x_wconf 80' lang='lat' dir='ltr'>est,</span> <span class='ocrx_word' id='word_1_128' title='bbox 746 1295 834 1339; x_wconf 86' lang='lat' dir='ltr'>sine</span> <span class='ocrx_word' id='word_1_129' title='bbox 851 1295 1021 1357; x_wconf 84' lang='lat' dir='ltr'>querela</span> <span class='ocrx_word' id='word_1_130' title='bbox 1039 1312 1080 1341; x_wconf 87' lang='lat' dir='ltr'>se</span> <span class='ocrx_word' id='word_1_131' title='bbox 1098 1294 1243 1349; x_wconf 87' lang='lat' dir='ltr'>fuisse,</span> <span class='ocrx_word' id='word_1_132' title='bbox 1270 1311 1357 1339; x_wconf 90' lang='lat' dir='ltr'>non</span> <span class='ocrx_word' id='word_1_133' title='bbox 1374 1293 1525 1356; x_wconf 85' lang='lat' dir='ltr'>utique</span> <span class='ocrx_word' id='word_1_134' title='bbox 1545 1289 1729 1336; x_wconf 87' lang='lat' dir='ltr'>menda-</span> 
     </span>
     <span class='ocr_line' id='line_1_16' title="bbox 357 1356 1725 1428; baseline 0.004 -28"><span class='ocrx_word' id='word_1_135' title='bbox 357 1356 464 1403; x_wconf 85' lang='lat' dir='ltr'>citer</span> <span class='ocrx_word' id='word_1_136' title='bbox 480 1360 612 1415; x_wconf 82' lang='lat' dir='ltr'>dicit;</span> <span class='ocrx_word' id='word_1_137' title='bbox 638 1374 679 1409; x_wconf 88' lang='lat' dir='ltr'>et</span> <span class='ocrx_word' id='word_1_138' title='bbox 701 1374 845 1410; x_wconf 89' lang='lat' dir='ltr'>tamen</span> <span class='ocrx_word' id='word_1_139' title='bbox 874 1366 972 1411; x_wconf 78' lang='lat' dir='ltr'>haec</span> <span class='ocrx_word' id='word_1_140' title='bbox 986 1382 1086 1428; x_wconf 82' lang='lat' dir='ltr'>quae</span> <span class='ocrx_word' id='word_1_141' title='bbox 1102 1364 1165 1410; x_wconf 93' lang='lat' dir='ltr'>illi</span> <span class='ocrx_word' id='word_1_142' title='bbox 1188 1364 1313 1410; x_wconf 87' lang='lat' dir='ltr'>lucra</span> <span class='ocrx_word' id='word_1_143' title='bbox 1337 1364 1531 1418; x_wconf 87' lang='lat' dir='ltr'>fuerunt,</span> <span class='ocrx_word' id='word_1_144' title='bbox 1572 1359 1725 1420; x_wconf 86' lang='lat' dir='ltr'>abjicit</span> 
     </span>
     <span class='ocr_line' id='line_1_17' title="bbox 355 1431 1728 1491; baseline 0.003 -20"><span class='ocrx_word' id='word_1_145' title='bbox 355 1441 537 1491; x_wconf 81' lang='lat' dir='ltr'>proptei</span> <span class='ocrx_word' id='word_1_146' title='bbox 557 1433 588 1476; x_wconf 96' lang='grc'>(</span> <span class='ocrx_word' id='word_1_147' title='bbox 595 1434 684 1479; x_wconf 76' lang='lat' dir='ltr'>hris</span> <span class='ocrx_word' id='word_1_148' title='bbox 689 1446 806 1481; x_wconf 87' lang='lat' dir='ltr'>tum.</span> <span class='ocrx_word' id='word_1_149' title='bbox 831 1446 871 1480; x_wconf 87' lang='lat' dir='ltr'>et</span> <span class='ocrx_word' id='word_1_150' title='bbox 890 1435 1066 1489; x_wconf 80' lang='lat' dir='ltr'>danma,</span> <span class='ocrx_word' id='word_1_151' title='bbox 1087 1434 1360 1482; x_wconf 87' lang='lat' dir='ltr'>detrimenta.</span> <span class='ocrx_word' id='word_1_152' title='bbox 1383 1444 1571 1480; x_wconf 77' lang='lat' dir='ltr'>stercora</span> <span class='ocrx_word' id='word_1_153' title='bbox 1591 1431 1728 1477; x_wconf 78' lang='lat' dir='ltr'>existi-</span> 
     </span>
     <span class='ocr_line' id='line_1_18' title="bbox 356 1483 1728 1566; baseline 0.004 -25"><span class='ocrx_word' id='word_1_154' title='bbox 356 1509 444 1543; x_wconf 85' lang='lat' dir='ltr'>mat</span> <span class='ocrx_word' id='word_1_155' title='bbox 464 1537 473 1554; x_wconf 87' lang='lat'>,</span> <span class='ocrx_word' id='word_1_156' title='bbox 506 1520 591 1548; x_wconf 86' lang='lat' dir='ltr'>non</span> <span class='ocrx_word' id='word_1_157' title='bbox 622 1505 760 1550; x_wconf 85' lang='lat' dir='ltr'>solum</span> <span class='ocrx_word' id='word_1_158' title='bbox 797 1483 896 1551; x_wconf 70' lang='lat' dir='ltr'>haec</span> <span class='ocrx_word' id='word_1_159' title='bbox 916 1543 925 1559; x_wconf 73' lang='lat'>‚</span> <span class='ocrx_word' id='word_1_160' title='bbox 963 1506 1034 1551; x_wconf 83' lang='lat' dir='ltr'>sed</span> <span class='ocrx_word' id='word_1_161' title='bbox 1059 1516 1100 1551; x_wconf 89' lang='lat' dir='ltr'>et</span> <span class='ocrx_word' id='word_1_162' title='bbox 1123 1511 1278 1551; x_wconf 64' lang='lat' dir='ltr'>caetera</span> <span class='ocrx_word' id='word_1_163' title='bbox 1303 1484 1446 1550; x_wconf 80' lang='lat' dir='ltr'>onmia</span> <span class='ocrx_word' id='word_1_164' title='bbox 1467 1520 1569 1566; x_wconf 80' lang='lat' dir='ltr'>quae</span> <span class='ocrx_word' id='word_1_165' title='bbox 1595 1518 1728 1565; x_wconf 88' lang='lat' dir='ltr'>supra</span> 
     </span>
     <span class='ocr_line' id='line_1_19' title="bbox 355 1574 1725 1638; baseline 0.001 -23"><span class='ocrx_word' id='word_1_166' title='bbox 355 1575 711 1619; x_wconf 71' lang='lat' dir='ltr'>Commemoravit</span> <span class='ocrx_word' id='word_1_167' title='bbox 727 1596 737 1628; x_wconf 70' lang='grc' dir='ltr'><strong>ς</strong></span> <span class='ocrx_word' id='word_1_168' title='bbox 754 1586 935 1638; x_wconf 81' lang='lat' dir='ltr'>propter</span> <span class='ocrx_word' id='word_1_169' title='bbox 946 1594 1033 1621; x_wconf 85' lang='lat' dir='ltr'>non</span> <span class='ocrx_word' id='word_1_170' title='bbox 1048 1575 1347 1638; x_wconf 76' lang='lat' dir='ltr'>qualemlibet,</span> <span class='ocrx_word' id='word_1_171' title='bbox 1363 1574 1435 1620; x_wconf 86' lang='lat' dir='ltr'>sed</span> <span class='ocrx_word' id='word_1_172' title='bbox 1449 1574 1725 1628; x_wconf 86' lang='lat' dir='ltr'>eminentem,</span> 
     </span>
     <span class='ocr_line' id='line_1_20' title="bbox 357 1641 1724 1707; baseline 0.001 -22"><span class='ocrx_word' id='word_1_173' title='bbox 357 1641 580 1707; x_wconf 76' lang='lat' dir='ltr'>sicutipse</span> <span class='ocrx_word' id='word_1_174' title='bbox 611 1645 746 1695; x_wconf 75' lang='lat' dir='ltr'>dicit,</span> <span class='ocrx_word' id='word_1_175' title='bbox 782 1646 1001 1691; x_wconf 82' lang='lat' dir='ltr'>scientiam</span> <span class='ocrx_word' id='word_1_176' title='bbox 1032 1645 1194 1690; x_wconf 84' lang='lat' dir='ltr'>Christi</span> <span class='ocrx_word' id='word_1_177' title='bbox 1227 1646 1327 1690; x_wconf 87' lang='lat' dir='ltr'>Jesu</span> <span class='ocrx_word' id='word_1_178' title='bbox 1358 1644 1536 1689; x_wconf 90' lang='lat' dir='ltr'>Domini</span> <span class='ocrx_word' id='word_1_179' title='bbox 1561 1642 1724 1698; x_wconf 86' lang='lat' dir='ltr'>nostri,</span> 
     </span>
     <span class='ocr_line' id='line_1_21' title="bbox 355 1713 1730 1776; baseline 0.001 -20"><span class='ocrx_word' id='word_1_180' title='bbox 355 1729 488 1774; x_wconf 87' lang='lat' dir='ltr'>quam</span> <span class='ocrx_word' id='word_1_181' title='bbox 514 1715 669 1776; x_wconf 85' lang='lat' dir='ltr'>procul</span> <span class='ocrx_word' id='word_1_182' title='bbox 696 1715 832 1760; x_wconf 82' lang='lat' dir='ltr'>dubio</span> <span class='ocrx_word' id='word_1_183' title='bbox 858 1716 1003 1761; x_wconf 87' lang='lat' dir='ltr'>adhuc</span> <span class='ocrx_word' id='word_1_184' title='bbox 1023 1716 1067 1761; x_wconf 91' lang='lat' dir='ltr'>in</span> <span class='ocrx_word' id='word_1_185' title='bbox 1099 1715 1184 1761; x_wconf 81' lang='lat' dir='ltr'>fide</span> <span class='ocrx_word' id='word_1_186' title='bbox 1209 1715 1404 1760; x_wconf 82' lang='lat' dir='ltr'>habebat</span> <span class='ocrx_word' id='word_1_187' title='bbox 1421 1752 1432 1769; x_wconf 87' lang='lat'>,</span> <span class='ocrx_word' id='word_1_188' title='bbox 1457 1713 1658 1759; x_wconf 89' lang='lat' dir='ltr'>nondum</span> <span class='ocrx_word' id='word_1_189' title='bbox 1683 1713 1730 1758; x_wconf 88' lang='lat' dir='ltr'>in</span> 
     </span>
     <span class='ocr_line' id='line_1_22' title="bbox 355 1783 1728 1847; baseline 0.001 -21"><span class='ocrx_word' id='word_1_190' title='bbox 355 1784 509 1844; x_wconf 89' lang='lat' dir='ltr'>specie.</span> <span class='ocrx_word' id='word_1_191' title='bbox 538 1786 662 1831; x_wconf 85' lang='lat' dir='ltr'>Tunc</span> <span class='ocrx_word' id='word_1_192' title='bbox 685 1786 796 1831; x_wconf 88' lang='lat' dir='ltr'>enim</span> <span class='ocrx_word' id='word_1_193' title='bbox 817 1787 896 1831; x_wconf 90' lang='lat' dir='ltr'>erit</span> <span class='ocrx_word' id='word_1_194' title='bbox 915 1786 1104 1832; x_wconf 87' lang='lat' dir='ltr'>eminens</span> <span class='ocrx_word' id='word_1_195' title='bbox 1130 1786 1292 1831; x_wconf 86' lang='lat' dir='ltr'>Christi</span> <span class='ocrx_word' id='word_1_196' title='bbox 1317 1785 1492 1831; x_wconf 87' lang='lat' dir='ltr'>scientia</span> <span class='ocrx_word' id='word_1_197' title='bbox 1512 1783 1728 1847; x_wconf 68' lang='lat' dir='ltr'>,quando</span> 
     </span>
     <span class='ocr_line' id='line_1_23' title="bbox 354 1852 1727 1921; baseline 0.001 -23"><span class='ocrx_word' id='word_1_198' title='bbox 354 1852 485 1900; x_wconf 82' lang='lat' dir='ltr'>fuerit</span> <span class='ocrx_word' id='word_1_199' title='bbox 502 1856 561 1901; x_wconf 86' lang='lat' dir='ltr'>ita</span> <span class='ocrx_word' id='word_1_200' title='bbox 578 1857 811 1912; x_wconf 76' lang='lat' dir='ltr'>revelatus,</span> <span class='ocrx_word' id='word_1_201' title='bbox 833 1869 879 1903; x_wconf 91' lang='lat' dir='ltr'>ut</span> <span class='ocrx_word' id='word_1_202' title='bbox 895 1857 1019 1921; x_wconf 84' lang='lat' dir='ltr'>quod</span> <span class='ocrx_word' id='word_1_203' title='bbox 1043 1857 1235 1903; x_wconf 89' lang='lat' dir='ltr'>creditur</span> <span class='ocrx_word' id='word_1_204' title='bbox 1256 1856 1468 1902; x_wconf 84' lang='lat' dir='ltr'>videatur.</span> <span class='ocrx_word' id='word_1_205' title='bbox 1497 1855 1623 1901; x_wconf 89' lang='lat' dir='ltr'>Unde</span> <span class='ocrx_word' id='word_1_206' title='bbox 1643 1854 1727 1900; x_wconf 84' lang='lat' dir='ltr'>alio</span> 
     </span>
     <span class='ocr_line' id='line_1_24' title="bbox 355 1922 1728 1983; baseline 0.001 -15"><span class='ocrx_word' id='word_1_207' title='bbox 355 1922 451 1970; x_wconf 90' lang='lat' dir='ltr'>loco</span> <span class='ocrx_word' id='word_1_208' title='bbox 475 1926 532 1971; x_wconf 89' lang='lat' dir='ltr'>ita</span> <span class='ocrx_word' id='word_1_209' title='bbox 555 1926 662 1972; x_wconf 90' lang='lat' dir='ltr'>dicit</span> <span class='ocrx_word' id='word_1_210' title='bbox 677 1965 687 1983; x_wconf 73' lang='lat'>,</span> <span class='ocrx_word' id='word_1_211' title='bbox 717 1949 737 1968; x_wconf 86' lang='lat'>«</span> <span class='ocrx_word' id='word_1_212' title='bbox 761 1928 925 1973; x_wconf 82' lang='lat' dir='ltr'>Mortui</span> <span class='ocrx_word' id='word_1_213' title='bbox 945 1928 1058 1973; x_wconf 89' lang='lat' dir='ltr'>enim</span> <span class='ocrx_word' id='word_1_214' title='bbox 1078 1928 1191 1983; x_wconf 89' lang='lat' dir='ltr'>estis,</span> <span class='ocrx_word' id='word_1_215' title='bbox 1214 1937 1255 1973; x_wconf 92' lang='lat' dir='ltr'>et</span> <span class='ocrx_word' id='word_1_216' title='bbox 1270 1927 1359 1972; x_wconf 79' lang='lat' dir='ltr'>vita</span> <span class='ocrx_word' id='word_1_217' title='bbox 1383 1937 1523 1972; x_wconf 73' lang='lat' dir='ltr'>vestra</span> <span class='ocrx_word' id='word_1_218' title='bbox 1549 1926 1728 1971; x_wconf 84' lang='lat' dir='ltr'>abscon-</span> 
     </span>
     <span class='ocr_line' id='line_1_25' title="bbox 360 1996 1725 2060; baseline 0 -19"><span class='ocrx_word' id='word_1_219' title='bbox 360 2016 380 2036; x_wconf 89' lang='lat'>»</span> <span class='ocrx_word' id='word_1_220' title='bbox 399 1996 488 2042; x_wconf 87' lang='lat' dir='ltr'>dita</span> <span class='ocrx_word' id='word_1_221' title='bbox 501 2008 562 2043; x_wconf 89' lang='lat' dir='ltr'>est</span> <span class='ocrx_word' id='word_1_222' title='bbox 587 2016 687 2044; x_wconf 90' lang='lat' dir='ltr'>cum</span> <span class='ocrx_word' id='word_1_223' title='bbox 712 2000 888 2045; x_wconf 86' lang='lat' dir='ltr'>Christo</span> <span class='ocrx_word' id='word_1_224' title='bbox 905 2000 950 2044; x_wconf 86' lang='lat' dir='ltr'>in</span> <span class='ocrx_word' id='word_1_225' title='bbox 968 2001 1075 2045; x_wconf 91' lang='lat' dir='ltr'>Deo.</span> <span class='ocrx_word' id='word_1_226' title='bbox 1092 2003 1203 2045; x_wconf 87' lang='lat' dir='ltr'>Cum</span> <span class='ocrx_word' id='word_1_227' title='bbox 1228 1998 1429 2043; x_wconf 90' lang='lat' dir='ltr'>Christus</span> <span class='ocrx_word' id='word_1_228' title='bbox 1455 1996 1725 2060; x_wconf 87' lang='lat' dir='ltr'>apparuerit,</span> 
     </span>
     <span class='ocr_line' id='line_1_26' title="bbox 356 2067 1729 2133; baseline 0 -21"><span class='ocrx_word' id='word_1_229' title='bbox 356 2087 376 2107; x_wconf 69' lang='lat'>²)</span> <span class='ocrx_word' id='word_1_230' title='bbox 397 2069 488 2113; x_wconf 70' lang='lat' dir='ltr'>vita</span> <span class='ocrx_word' id='word_1_231' title='bbox 505 2080 663 2119; x_wconf 70' lang='lat' dir='ltr'>vestra,</span> <span class='ocrx_word' id='word_1_232' title='bbox 683 2081 788 2115; x_wconf 85' lang='lat' dir='ltr'>tunc</span> <span class='ocrx_word' id='word_1_233' title='bbox 805 2081 846 2116; x_wconf 89' lang='lat' dir='ltr'>et</span> <span class='ocrx_word' id='word_1_234' title='bbox 864 2088 937 2116; x_wconf 76' lang='lat' dir='ltr'>vos</span> <span class='ocrx_word' id='word_1_235' title='bbox 956 2069 1222 2133; x_wconf 72' lang='lat' dir='ltr'>apparebitis</span> <span class='ocrx_word' id='word_1_236' title='bbox 1243 2086 1345 2115; x_wconf 89' lang='lat' dir='ltr'>cum</span> <span class='ocrx_word' id='word_1_237' title='bbox 1369 2068 1443 2114; x_wconf 90' lang='lat' dir='ltr'>illo</span> <span class='ocrx_word' id='word_1_238' title='bbox 1458 2068 1503 2113; x_wconf 90' lang='lat' dir='ltr'>in</span> <span class='ocrx_word' id='word_1_239' title='bbox 1518 2067 1729 2128; x_wconf 71' lang='lat' dir='ltr'>gloria-⁶².»</span> 
     </span>
     <span class='ocr_line' id='line_1_27' title="bbox 356 2137 1728 2201; baseline 0 -19"><span class='ocrx_word' id='word_1_240' title='bbox 356 2137 471 2182; x_wconf 88' lang='lat' dir='ltr'>Hinc</span> <span class='ocrx_word' id='word_1_241' title='bbox 489 2149 530 2183; x_wconf 86' lang='lat' dir='ltr'>et</span> <span class='ocrx_word' id='word_1_242' title='bbox 543 2139 634 2201; x_wconf 85' lang='lat' dir='ltr'>ipse</span> <span class='ocrx_word' id='word_1_243' title='bbox 653 2141 863 2185; x_wconf 87' lang='lat' dir='ltr'>Dominus</span> <span class='ocrx_word' id='word_1_244' title='bbox 879 2178 889 2186; x_wconf 88' lang='lat'>.</span> <span class='ocrx_word' id='word_1_245' title='bbox 918 2161 937 2181; x_wconf 90' lang='lat'>«</span> <span class='ocrx_word' id='word_1_246' title='bbox 956 2140 1045 2194; x_wconf 77' lang='lat' dir='ltr'>Qui</span> <span class='ocrx_word' id='word_1_247' title='bbox 1064 2140 1206 2199; x_wconf 82' lang='lat' dir='ltr'>diligit</span> <span class='ocrx_word' id='word_1_248' title='bbox 1227 2156 1310 2194; x_wconf 85' lang='lat' dir='ltr'>me,</span> <span class='ocrx_word' id='word_1_249' title='bbox 1334 2138 1497 2201; x_wconf 86' lang='lat' dir='ltr'>inquit.</span> <span class='ocrx_word' id='word_1_250' title='bbox 1521 2137 1728 2197; x_wconf 83' lang='lat' dir='ltr'>diligetur</span> 
     </span>
     <span class='ocr_line' id='line_1_28' title="bbox 356 2208 1729 2269; baseline 0.001 -19"><span class='ocrx_word' id='word_1_251' title='bbox 356 2226 420 2252; x_wconf 83' lang='lat' dir='ltr'>»a</span> <span class='ocrx_word' id='word_1_252' title='bbox 449 2209 576 2254; x_wconf 88' lang='lat' dir='ltr'>Patre</span> <span class='ocrx_word' id='word_1_253' title='bbox 605 2227 699 2254; x_wconf 89' lang='lat' dir='ltr'>meo</span> <span class='ocrx_word' id='word_1_254' title='bbox 719 2247 729 2255; x_wconf 84' lang='grc'><strong>.</strong></span> <span class='ocrx_word' id='word_1_255' title='bbox 762 2221 803 2254; x_wconf 90' lang='lat' dir='ltr'>et</span> <span class='ocrx_word' id='word_1_256' title='bbox 830 2227 906 2269; x_wconf 83' lang='lat' dir='ltr'>ego</span> <span class='ocrx_word' id='word_1_257' title='bbox 934 2210 1112 2269; x_wconf 80' lang='lat' dir='ltr'>diligam</span> <span class='ocrx_word' id='word_1_258' title='bbox 1136 2226 1236 2255; x_wconf 90' lang='lat' dir='ltr'>eum</span> <span class='ocrx_word' id='word_1_259' title='bbox 1257 2246 1268 2263; x_wconf 81' lang='lat'>,</span> <span class='ocrx_word' id='word_1_260' title='bbox 1292 2219 1333 2254; x_wconf 88' lang='lat' dir='ltr'>et</span> <span class='ocrx_word' id='word_1_261' title='bbox 1351 2208 1636 2253; x_wconf 85' lang='lat' dir='ltr'>manifestabo</span> <span class='ocrx_word' id='word_1_262' title='bbox 1661 2223 1729 2252; x_wconf 91' lang='lat' dir='ltr'>me</span> 
     </span>
     <span class='ocr_line' id='line_1_29' title="bbox 355 2277 1724 2339; baseline 0 -17"><span class='ocrx_word' id='word_1_263' title='bbox 355 2278 535 2339; x_wconf 83' lang='lat' dir='ltr'>»ipsum</span> <span class='ocrx_word' id='word_1_264' title='bbox 552 2278 658 2325; x_wconf 82' lang='grc'>11113.</span> <span class='ocrx_word' id='word_1_265' title='bbox 675 2301 694 2319; x_wconf 78' lang='lat'>›&gt;</span> <span class='ocrx_word' id='word_1_266' title='bbox 716 2280 831 2324; x_wconf 88' lang='lat' dir='ltr'>Hinc</span> <span class='ocrx_word' id='word_1_267' title='bbox 856 2283 1041 2325; x_wconf 89' lang='lat' dir='ltr'>Joannes</span> <span class='ocrx_word' id='word_1_268' title='bbox 1064 2278 1366 2338; x_wconf 86' lang='lat' dir='ltr'>Evangelista,</span> <span class='ocrx_word' id='word_1_269' title='bbox 1394 2277 1724 2329; x_wconf 81' lang='lat' dir='ltr'>«Dilectissimi,</span> 
     </span>
    </p>

    <p class='ocr_par' dir='ltr' id='par_1_5' title="bbox 353 2347 1729 2551">
     <span class='ocr_line' id='line_1_30' title="bbox 355 2347 1729 2411; baseline 0 -19"><span class='ocrx_word' id='word_1_270' title='bbox 355 2367 376 2388; x_wconf 90' lang='lat'>»</span> <span class='ocrx_word' id='word_1_271' title='bbox 395 2348 555 2411; x_wconf 88' lang='lat' dir='ltr'>inquit</span> <span class='ocrx_word' id='word_1_272' title='bbox 586 2348 663 2394; x_wconf 87' lang='lat' dir='ltr'>filii</span> <span class='ocrx_word' id='word_1_273' title='bbox 687 2349 769 2394; x_wconf 83' lang='lat' dir='ltr'>Dei</span> <span class='ocrx_word' id='word_1_274' title='bbox 787 2366 963 2404; x_wconf 82' lang='lat' dir='ltr'>sumus,</span> <span class='ocrx_word' id='word_1_275' title='bbox 993 2361 1035 2395; x_wconf 89' lang='lat' dir='ltr'>et</span> <span class='ocrx_word' id='word_1_276' title='bbox 1056 2349 1252 2395; x_wconf 88' lang='lat' dir='ltr'>nondum</span> <span class='ocrx_word' id='word_1_277' title='bbox 1278 2348 1484 2411; x_wconf 86' lang='lat' dir='ltr'>apparuit</span> <span class='ocrx_word' id='word_1_278' title='bbox 1499 2347 1619 2410; x_wconf 88' lang='lat' dir='ltr'>quod</span> <span class='ocrx_word' id='word_1_279' title='bbox 1639 2347 1729 2392; x_wconf 88' lang='lat' dir='ltr'>eri-</span> 
     </span>
     <span class='ocr_line' id='line_1_31' title="bbox 359 2416 1728 2481; baseline 0 -20"><span class='ocrx_word' id='word_1_280' title='bbox 359 2437 378 2457; x_wconf 77' lang='lat'>»</span> <span class='ocrx_word' id='word_1_281' title='bbox 398 2434 517 2463; x_wconf 86' lang='lat' dir='ltr'>mus.</span> <span class='ocrx_word' id='word_1_282' title='bbox 552 2417 720 2463; x_wconf 85' lang='lat' dir='ltr'>Scimus</span> <span class='ocrx_word' id='word_1_283' title='bbox 759 2430 900 2464; x_wconf 87' lang='lat' dir='ltr'>autem</span> <span class='ocrx_word' id='word_1_284' title='bbox 926 2419 1029 2481; x_wconf 89' lang='lat' dir='ltr'>quia</span> <span class='ocrx_word' id='word_1_285' title='bbox 1060 2435 1162 2465; x_wconf 86' lang='lat' dir='ltr'>cum</span> <span class='ocrx_word' id='word_1_286' title='bbox 1198 2417 1479 2481; x_wconf 81' lang='lat' dir='ltr'>apParuerit,</span> <span class='ocrx_word' id='word_1_287' title='bbox 1509 2416 1665 2462; x_wconf 86' lang='lat' dir='ltr'>similes</span> <span class='ocrx_word' id='word_1_288' title='bbox 1688 2416 1728 2462; x_wconf 88' lang='lat' dir='ltr'>ei</span> 
     </span>
     <span class='ocr_line' id='line_1_32' title="bbox 353 2487 1727 2551; baseline 0 -19"><span class='ocrx_word' id='word_1_289' title='bbox 353 2507 374 2527; x_wconf 69' lang='lat'>&gt;³</span> <span class='ocrx_word' id='word_1_290' title='bbox 401 2487 558 2533; x_wconf 86' lang='lat' dir='ltr'>erimus</span> <span class='ocrx_word' id='word_1_291' title='bbox 580 2524 590 2543; x_wconf 85' lang='lat'>,</span> <span class='ocrx_word' id='word_1_292' title='bbox 630 2489 836 2551; x_wconf 90' lang='lat' dir='ltr'>quoniam</span> <span class='ocrx_word' id='word_1_293' title='bbox 868 2489 1116 2535; x_wconf 79' lang='lat' dir='ltr'>videbimus</span> <span class='ocrx_word' id='word_1_294' title='bbox 1147 2505 1245 2535; x_wconf 91' lang='lat' dir='ltr'>eum</span> <span class='ocrx_word' id='word_1_295' title='bbox 1268 2488 1397 2534; x_wconf 85' lang='lat' dir='ltr'>sicuti</span> <span class='ocrx_word' id='word_1_296' title='bbox 1420 2497 1481 2533; x_wconf 86' lang='lat' dir='ltr'>est</span> <span class='ocrx_word' id='word_1_297' title='bbox 1494 2487 1527 2533; x_wconf 88' lang='lat'>⁵.</span> <span class='ocrx_word' id='word_1_298' title='bbox 1551 2508 1571 2529; x_wconf 80' lang='lat'>›&gt;</span> <span class='ocrx_word' id='word_1_299' title='bbox 1599 2488 1727 2533; x_wconf 87' lang='lat' dir='ltr'>Tunc</span> 
     </span>
    </p>
   </div>
   <div class='ocr_carea' id='block_1_3' title="bbox 352 2580 1722 2680">
    <p class='ocr_par' dir='ltr' id='par_1_6' title="bbox 352 2580 1722 2680">
     <span class='ocr_line' id='line_1_33' title="bbox 398 2580 1722 2627; baseline 0.003 -13"><span class='ocrx_word' id='word_1_300' title='bbox 398 2584 409 2605; x_wconf 89' lang='lat'><strong>¹</strong></span> <span class='ocrx_word' id='word_1_301' title='bbox 431 2583 548 2627; x_wconf 88' lang='lat' dir='ltr'>Philip.</span> <span class='ocrx_word' id='word_1_302' title='bbox 571 2595 628 2627; x_wconf 82' lang='lat'>111,</span> <span class='ocrx_word' id='word_1_303' title='bbox 648 2586 680 2617; x_wconf 88' lang='lat'>6.</span> <span class='ocrx_word' id='word_1_304' title='bbox 705 2602 750 2609; x_wconf 89' lang='lat'>—</span> <span class='ocrx_word' id='word_1_305' title='bbox 775 2584 791 2607; x_wconf 80' lang='lat'>²</span> <span class='ocrx_word' id='word_1_306' title='bbox 808 2586 926 2618; x_wconf 82' lang='lat' dir='ltr'>coloss.</span> <span class='ocrx_word' id='word_1_307' title='bbox 943 2598 996 2625; x_wconf 88' lang='lat'>111,</span> <span class='ocrx_word' id='word_1_308' title='bbox 1016 2588 1049 2621; x_wconf 84' lang='lat'>3.</span> <span class='ocrx_word' id='word_1_309' title='bbox 1065 2603 1111 2611; x_wconf 96' lang='lat'>—-</span> <span class='ocrx_word' id='word_1_310' title='bbox 1135 2583 1150 2609; x_wconf 80' lang='lat'>³</span> <span class='ocrx_word' id='word_1_311' title='bbox 1177 2587 1270 2619; x_wconf 85' lang='lat' dir='ltr'>Joan.</span> <span class='ocrx_word' id='word_1_312' title='bbox 1300 2595 1370 2624; x_wconf 71' lang='lat' dir='ltr'>xxv,</span> <span class='ocrx_word' id='word_1_313' title='bbox 1398 2595 1453 2617; x_wconf 81' lang='lat'>21.</span> <span class='ocrx_word' id='word_1_314' title='bbox 1474 2601 1519 2610; x_wconf 90' lang='lat'><em>-</em></span> <span class='ocrx_word' id='word_1_315' title='bbox 1544 2580 1559 2607; x_wconf 71' lang='lat'><em>⁴</em></span> <span class='ocrx_word' id='word_1_316' title='bbox 1588 2594 1602 2614; x_wconf 74' lang='grc' dir='ltr'><em>ι</em></span> <span class='ocrx_word' id='word_1_317' title='bbox 1620 2586 1722 2618; x_wconf 83' lang='lat' dir='ltr'>Joan.</span> 
     </span>
     <span class='ocr_line' id='line_1_34' title="bbox 352 2649 485 2680; baseline 0.015 -13"><span class='ocrx_word' id='word_1_318' title='bbox 352 2649 394 2668; x_wconf 73' lang='grc' dir='ltr'>ΙΙΙ</span> <span class='ocrx_word' id='word_1_319' title='bbox 412 2665 422 2680; x_wconf 64' lang='lat'><em>7</em></span> <span class='ocrx_word' id='word_1_320' title='bbox 451 2650 485 2672; x_wconf 80' lang='lat'>2.</span> 
     </span>
    </p>
   </div>
  </div>
 </body>
</html>
