1843 3190
281 268 373 314 522
896 281 1049 312 mnssx.

324 373 381 394 nos
396 363 514 405 potius,
531 373 602 394 cum
620 363 669 394 De
685 374 721 394 ea
743 373 777 394 re
791 374 890 403 qnaea
907 368 1032 404 peccato
1047 364 1144 394 libera
1159 368 1204 394 est
1221 362 1330 395 dicunt
1346 367 1475 404 peecata
1491 374 1554 394 non

325 422 423 452 nasct'.
438 422 554 453 Passim
580 432 657 452 vero
674 428 830 454 monstrat
845 447 851 456 .
867 422 1022 453 incassum
1044 423 1100 454 niti
1124 434 1140 454 a
1154 423 1338 454 lversarium
1353 445 1361 457 ,
1385 428 1420 454 ut
1438 432 1496 464 pro
1521 432 1553 466 ες

325 481 447 523 aliquld
465 493 500 512 ex
516 481 612 523 ipsius
631 482 798 513 sententiis
813 493 901 523 quasi
922 482 1006 513 inter
1022 492 1054 513 se
1070 483 1238 513 contrariis
1255 482 1371 514 eliciat.

283 591 384 621 Lien
402 590 463 622 Vl.
485 590 584 621 Libro
597 591 717 622 Juliani
735 597 862 632 quarto,
889 593 1020 634 ejusque
1037 592 1067 622 in
1086 592 1238 633 reliquam
1253 596 1373 632 partem
1385 588 1550 631 priorisli-

326 649 374 680 bri
392 649 431 681 de
447 651 564 692 nuptiis
575 657 606 682 et
616 652 872 693 concupiscentia
885 652 1178 684 cavillationibuset
1193 650 1357 683 calumniis
1371 649 1553 691 respondet.

329 709 421 741 Nasci
451 710 614 741 hominem
638 721 708 742 cum
726 718 855 752 peccato
881 711 1048 744 confirmat
1064 722 1101 743 ex
1118 711 1276 753 baptismo
1292 710 1497 752 parvulorum
1514 714 1552 739 ex

329 770 476 812 Apostoli
504 769 609 801 verbis
635 770 675 800 ad
704 771 865 801 Romanos
881 776 914 802 et
928 771 967 801 ad
990 770 1191 807 Corinthios,
1208 780 1247 800 ex
1264 770 1328 801 ritu
1341 767 1505 811 exorcismi
1523 772 1557 799 et

326 827 548 861 exsufflatione
562 839 632 871 quae
646 828 680 861 fit
694 840 765 861 cum
782 829 907 871 parvuli
926 830 1142 872 baptizantur.
1160 828 1311 861 Ostendit
1327 827 1405 858 oleae
1416 832 1448 858 et
1456 826 1555 857 oleas-

329 886 370 918 tri
395 887 574 929 exemplum
599 889 746 931 apposite
762 889 870 920 datum
882 912 891 928 ‚
911 894 947 920 ut
962 888 1159 930 intelligatur
1173 887 1334 930 quomodo
1348 897 1388 918 ex
1410 885 1555 928 paremi-

324 945 384 976 bus
405 946 601 987 regeneratis
623 957 659 978 ac
684 947 775 988 justis
803 954 973 980 nascantur
989 947 1044 979 filii
1074 953 1259 990 peccatores
1276 952 1307 979 et
1328 938 1551 987 regenerandi.

325 1004 498 1038 Peccatum
510 1006 667 1048 originale
684 1008 715 1039 in
731 1008 841 1050 primis
857 1008 1044 1050 parentibus
1058 1008 1273 1040 voluntarium
1296 1016 1361 1038 esse
1374 1028 1384 1044 ,
1400 1016 1436 1037 ac
1459 1004 1552 1036 nobis

324 1064 451 1106 quidem
476 1066 615 1098 alienum
638 1068 835 1110 proprietate
855 1069 993 1101 actionis
1010 1093 1019 1105 ,
1050 1074 1198 1101 nostrum
1226 1073 1331 1100 tamen
1354 1066 1548 1108 contagione

324 1125 519 1167 propaginis.
538 1127 642 1168 Hujus
664 1128 783 1169 peccati
809 1128 925 1161 merito
948 1129 1031 1164 fieri.
1050 1135 1087 1161 ut
1101 1128 1198 1162 tantis
1211 1127 1251 1159 ab
1266 1126 1400 1159 infantia
1417 1125 1553 1158 miseriis

325 1190 482 1218 atteratur
503 1198 600 1229 genus
615 1188 807 1224 humanum,
824 1194 923 1231 utque
940 1189 1063 1232 parvuli
1081 1191 1149 1221 sine
1173 1187 1425 1230 regenerationis
1449 1186 1550 1230 gratia

320 1247 493 1278 morientes
505 1247 713 1279 excludantur
729 1259 746 1279 a
761 1258 858 1290 regno
874 1249 947 1280 Dei.
968 1248 1262 1280 Sanctificationem
1281 1259 1338 1290 per
1352 1247 1549 1290 baptismum

317 1313 403 1335 nunc
426 1309 459 1336 et
473 1304 587 1336 auimae
605 1311 637 1338 et
664 1306 723 1348 ipsi
742 1309 871 1349 corpori
886 1306 1026 1339 conferri
1040 1331 1051 1348 ,
1076 1317 1142 1339 non
1158 1313 1266 1339 tamen
1288 1307 1421 1346 auferri,
1439 1308 1498 1339 hac
1512 1307 1547 1338 in

321 1365 387 1395 vita
407 1366 649 1408 corruptionem
673 1368 816 1408 corporis
830 1392 838 1404 ,
863 1378 933 1410 quae
956 1369 1058 1409 ipsam
1075 1378 1202 1410 quoque
1224 1372 1372 1408 aggravat
1397 1367 1547 1399 animam.

317 1422 420 1457 Docet
437 1426 599 1468 quomodo
615 1427 873 1468 concupiscentia
891 1433 1017 1461 maneat
1042 1432 1132 1466 actu,
1151 1432 1322 1470 praetereat
1337 1432 1438 1460 reatu.
1456 1427 1547 1468 Pauli

319 1484 456 1525 apostoli
478 1485 658 1520 testimonia
683 1497 831 1528 perverse
850 1498 867 1518 a
881 1487 1014 1521 Juliauo
1031 1487 1185 1530 exposita,
1203 1493 1334 1520 revocat
1347 1486 1388 1519 ad
1405 1487 1546 1520 catholi-

317 1555 389 1578 cum
405 1545 615 1582 intellectum.
642 1546 695 1580 Ad
718 1552 897 1583 extremum
923 1547 1100 1581 Ezechielis
1126 1547 1374 1588 auctoritatem,
1404 1558 1466 1590 qua
1495 1547 1550 1591 ille.

315 1602 524 1647 abutebatur,
542 1607 718 1642 secuudum
733 1607 911 1650 legitimum
925 1618 1052 1641 sensum
1070 1609 1316 1650 interpretatur.

275 1706 334 1738 DE
362 1707 538 1741 GRATIA
570 1710 628 1741 ET
665 1710 836 1743 LIBERO
875 1712 1099 1744 ARBITRIO
1136 1712 1197 1744 AD
1237 1710 1546 1747 VALENTINUM,

315 1767 376 1799 ET
405 1769 502 1805 CUM
526 1769 632 1804 ILLO
661 1771 914 1802 MONACHOS
932 1795 941 1810 ,
978 1782 1071 1802 maizu
1103 1782 1193 1803 uuus.
1227 1771 1330 1802 Docet
1365 1770 1542 1802 cavendum

312 1839 400 1867 esse,
419 1839 461 1865 ne
482 1829 533 1862 vel
557 1830 656 1873 gratia
679 1836 793 1871 negato
824 1830 926 1862 libero
958 1830 1119 1867 arbitrio,
1147 1830 1196 1862 vel
1217 1834 1333 1876 negata
1364 1831 1468 1871 gratia
1500 1829 1543 1861 li-

312 1888 429 1921 berum
459 1889 629 1924 arbitrium
657 1890 758 1922 inesse
786 1889 934 1928 homini,
962 1895 1110 1922 constare
1136 1901 1172 1922 ex
1210 1889 1448 1932 Scripturarum
1475 1895 1544 1922 tes-

311 1950 472 1982 timoniisa
499 1949 539 1982 de
565 1950 631 1993 ipsa
669 1950 765 1983 etiarn
795 1950 895 1996 gratia
929 1951 1009 1990 Dei,
1040 1952 1108 1983 sine
1138 1961 1200 1997 qua
1231 1950 1314 1982 nihil
1339 1950 1416 1981 boni
1447 1959 1540 1992 agere

280 2024 284 2027 -
310 2012 496 2043 possumus,
515 2001 587 2033 data
613 2012 680 2033 esse
695 2003 728 2034 in
757 2002 869 2034 iisdem
897 2003 1071 2044 Scripturis
1093 2002 1199 2034 divina
1229 2003 1429 2034 documenta.
1447 2002 1537 2034 Post-

313 2071 349 2092 ea
373 2065 484 2093 contra
510 2061 697 2102 Pelagianos
723 2061 839 2103 probat
867 2063 1002 2103 gratiam
1031 2073 1096 2094 non
1125 2062 1300 2094 secundum
1328 2063 1442 2096 merita
1462 2072 1538 2094 nos-

312 2125 360 2152 tra
378 2120 457 2151 dari.
476 2120 639 2163 Explicat.
658 2121 819 2163 quomodo
833 2121 899 2153 vita
913 2127 1047 2160 aeterna,
1065 2132 1135 2164 quae
1150 2121 1242 2153 bonis
1265 2122 1416 2164 operibus
1431 2121 1538 2154 reddi-

313 2184 377 2214 tur.
395 2190 469 2211 vere
486 2180 525 2211 sit
540 2180 652 2222 gratia.
670 2181 754 2212 Tum
771 2192 847 2213 vero
860 2187 1015 2214 monstrat
1034 2205 1043 2221 ,
1059 2182 1145 2224 quod
1168 2192 1272 2224 neque
1288 2181 1420 2214 scientia
1439 2182 1539 2224 legis,

310 2249 415 2281 neque
429 2245 552 2273 natura.
574 2251 679 2282 neque
695 2240 759 2272 sola
775 2241 922 2273 remissio
938 2248 1141 2283 peccatorum
1158 2243 1197 2275 sit
1212 2243 1264 2274 illa
1279 2244 1380 2285 gratia
1398 2253 1470 2285 quae
1482 2252 1539 2284 per

309 2298 419 2330 Jesum
435 2299 601 2330 Christum
620 2299 794 2331 Dominum
813 2306 959 2333 nostrum
974 2302 1080 2339 datur,
1094 2302 1148 2333 sed
1166 2302 1231 2344 ipsa
1255 2303 1356 2344 gratia
1377 2302 1475 2336 faciat
1502 2308 1537 2335 ut

307 2356 358 2389 lex
373 2357 553 2399 impleatur,
578 2366 613 2390 ut
631 2366 743 2392 natura
770 2361 938 2397 liberetur,
956 2372 996 2393 ne
1013 2367 1177 2404 peccatum
1193 2362 1383 2394 domineiur.
1402 2363 1532 2404 Expug-

305 2421 362 2446 nat
384 2426 500 2447 vanum
515 2417 594 2448 illud
619 2417 861 2460 Pelagianorum
890 2420 1070 2462 perfugium
1087 2444 1095 2459 ‚
1125 2431 1188 2463 quo
1213 2421 1502 2462 dicunt,“graeiam
1517 2445 1527 2458 ,

301 2475 361 2507 elsi
376 2486 438 2507 non
455 2478 626 2508 secundum
645 2480 759 2510 merita
777 2480 930 2511 bonorum
961 2492 1092 2522 operum
1118 2481 1228 2519 detur,
1253 2486 1358 2513 tamen
1384 2481 1454 2512 dari
1478 2491 1534 2512 se-

295 2536 435 2567 cundum
453 2537 569 2569 merita
587 2538 676 2569 bonae
691 2539 890 2574 voluntatis,
910 2551 981 2579 quae
1006 2541 1168 2580 prcccedit,
1186 2541 1341 2572 credentis
1353 2546 1381 2572 el
1399 2541 1530 2572 orantis.

301 2596 421 2630 Incidit
438 2598 471 2630 in
489 2598 712 2641 quaestionem‚
731 2610 787 2631 cur
806 2599 891 2631 Deus
902 2599 1008 2641 jubet,
1024 2600 1110 2642 quod
1130 2601 1195 2642 ipse
1214 2600 1345 2632 daturus
1361 2605 1430 2638 est;
1447 2606 1530 2633 etan

1590 480 1653 511 312

1582 1607 1645 1650 ³47
