1843 3190
274 161 365 208 302
682 174 726 204 s„
759 172 1004 204 AUGUsrrnr
1039 171 1245 203 EPISCOPI

271 241 318 286 in
348 238 581 303 pecoribus
623 237 917 285 animadversa
932 274 943 294 ,
986 237 1115 300 etiam
1154 237 1384 284 medicinae
1419 237 1650 302 disciplina

274 321 476 358 sectatur.
516 309 601 355 Sed
627 327 680 355 ne
716 301 947 373 propterea
970 319 1216 373 putaretur,
1243 327 1332 354 non
1367 326 1453 356 esse
1485 309 1652 355 malum

277 381 419 427 carnis
435 380 791 444 concupiscentia
811 417 822 437 ,
849 380 952 443 quia
977 380 1144 425 bonum
1167 391 1235 426 ·est
1256 380 1302 426 in
1326 397 1482 444 pecore
1501 417 1513 437 ,
1536 390 1585 426 ut
1603 397 1653 426 eo

277 469 320 498 se
341 452 529 498 oblectet
546 451 620 496 illa
639 461 812 506 natura,
839 451 911 496 cui
929 468 1019 496 non
1035 461 1177 514 potest
1193 451 1325 497 inesse
1342 451 1655 515 concupiscen-

280 525 338 569 tia
361 522 584 586 sapientiae
604 538 616 566 ε
636 521 735 567 ideo
758 521 926 567 dictum
951 531 1012 567 est
1034 522 1202 568 bonum
1234 539 1319 568 esse
1359 523 1549 586 pecoris,
1577 538 1659 567 cu-

277 597 347 653 jus
366 594 454 639 sine
474 592 562 639 ulla
577 593 864 656 repugnantia
881 593 1066 639 delectat
1082 593 1308 656 spiritumg
1327 594 1491 639 malum
1516 602 1660 639 autem

283 664 500 720 hominis,
528 663 573 708 in
593 680 681 726 quo
704 663 978 726 concupiscit
1002 663 1205 710 adversus
1221 663 1437 727 spiritum.

347 735 523 780 LXXV.
565 735 827 779 Convocasti
851 735 983 782 etiam
1003 735 1047 778 in
1068 735 1274 780 auxilium
1301 735 1474 780 turbam
1506 731 1661 796 philo-

287 805 547 868 sophorum,
567 803 690 866 quasi
713 814 926 866 susceptae
948 814 1037 849 tuae
1052 841 1063 860 ,
1082 804 1116 849 si
1138 821 1226 849 non
1250 814 1431 867 possunt
1455 803 1664 867 pecorum

287 875 470 920 solertiae
486 873 724 929 naturales,
751 873 900 918 saltem
916 873 1149 919 doctorum
1181 874 1414 920 hominum
1449 873 1666 937 opitulen-

289 956 363 991 tur
383 961 558 991 errores.
593 943 679 988 Sed
701 944 798 1007 quis
822 961 910 990 non
942 944 1113 1002 videat,
1149 944 1364 991 doctrinae
1401 955 1440 990 te
1465 944 1669 1008 quaesisse

288 1015 545 1076 jactantiam
566 1014 612 1060 in
633 1014 1025 1060 commemorandis
1048 1015 1298 1060 nominibus
1328 1015 1558 1061 doctorum
1583 1014 1671 1060 ho-

291 1086 460 1131 minum
491 1084 702 1147 sectisque
734 1083 934 1141 diversis,
960 1085 1138 1148 quando
1175 1085 1383 1148 perspicit
1407 1085 1673 1148 quicumque

295 1156 376 1202 ista
406 1166 481 1201 tua
517 1154 649 1214 legit,
693 1153 747 1199 ad
786 1155 1072 1218 quaestionem
1099 1173 1201 1220 quae
1236 1156 1348 1201 inter
1369 1173 1446 1202 nos
1469 1156 1671 1211 vertitur,

295 1226 395 1272 haec
416 1225 663 1271 nullatenus
681 1225 927 1287 pertinere?
959 1227 1067 1283 Quis
1092 1227 1208 1272 enim
1243 1226 1391 1272 audiat
1413 1265 1422 1283 ‚
1458 1226 1578 1290 quod
1603 1225 1678 1271 abs

296 1306 338 1342 te
361 1304 755 1342 commemorantur
783 1296 982 1341 «Thales
1009 1296 1200 1342 Milesius
1232 1313 1344 1342 unus
1367 1314 1389 1342 e
1413 1307 1575 1360 septem
1609 1313 1680 1348 sa-

297 1367 519 1431 pientibus
537 1403 547 1422 ,
575 1365 732 1411 deinde
751 1367 1090 1423 Anaximander,
1107 1367 1388 1413 Anaximenes
1406 1404 1417 1423 ,
1448 1369 1680 1426 Anaxago-

299 1455 366 1483 ras
384 1474 394 1493 ,
420 1436 733 1500 XenophaneS,
763 1437 1059 1495 Parmenides,
1087 1438 1359 1501 Leucippus,
1380 1440 1675 1493 Democritus,

300 1506 606 1570 Empedocles,
630 1506 892 1563 Heraclitus,
923 1507 1134 1564 Melissus,
1165 1507 1316 1564 Plato,
1346 1507 1678 1571 P‘ytliagoraeiffl

302 1578 599 1642 unusquisque
627 1594 728 1622 cum
762 1578 946 1641 proprio
984 1578 1188 1638 dogmate
1224 1595 1300 1624 suo
1327 1578 1380 1624 de
1404 1577 1679 1624 naturalibus

302 1649 462 1702 rebus3
498 1648 617 1711 quiS,
654 1647 833 1712 inquam
854 1685 863 1701 ,
895 1649 993 1694 haec
1020 1649 1194 1704 audiat,
1231 1659 1272 1694 et
1304 1666 1393 1694 non
1416 1649 1511 1712 ipso
1531 1649 1678 1695 nomi-

301 1735 406 1764 num
439 1727 738 1780 sectarumque
769 1717 1129 1778 conglobatarum
1165 1720 1348 1781 strepitu
1383 1729 1610 1774 terreatur,
1645 1719 1680 1764 si

302 1799 364 1834 est
383 1787 624 1834 ineruditus
646 1824 656 1843 ,
676 1787 816 1851 qualis
838 1799 901 1834 est
920 1789 1151 1835 hominum
1176 1789 1412 1835 multitudo
1432 1810 1444 1844 ;
1470 1801 1511 1836 et
1533 1789 1679 1835 existi-

301 1870 390 1905 met
413 1870 453 1904 te
473 1859 661 1921 aliquem
684 1875 892 1918 magnum
908 1897 920 1916 ,
945 1861 1020 1923 qui
1040 1860 1139 1906 haec
1172 1861 1279 1906 scire
1307 1861 1532 1924 potueris?
1567 1862 1680 1906 Ecce

303 1929 423 1993 quod
463 1929 660 1992 appetis:
703 1929 1060 1994 quandoquidem
1096 1932 1142 1977 in
1175 1931 1243 1977 his
1275 1932 1478 1977 omnibus
1514 1932 1591 1977 abs
1637 1941 1680 1976 te

304 2000 593 2046 coacervatim
615 2002 963 2046 commemoratis
981 2039 992 2057 ,
1015 2002 1134 2066 quod
1161 2002 1212 2047 ad
1239 2019 1327 2047 rem
1348 2019 1448 2066 quae
1464 2001 1577 2047 inter
1600 2018 1678 2047 nos

303 2072 444 2131 agitur
466 2070 705 2134 pertineat,
729 2070 843 2115 nihil
866 2072 1042 2117 omnino
1073 2072 1230 2137 dixisti.
1266 2073 1378 2117 Nam
1410 2072 1680 2136 praelocutus

305 2159 347 2187 es
366 2142 443 2187 ista
463 2141 685 2198 dicturus,
710 2151 751 2186 et
783 2141 877 2186 aisti
898 2160 908 2187 ε
937 2143 1139 2188 «Omnes
1173 2142 1432 2206 philosophi
1450 2143 1496 2188 in
1518 2141 1679 2188 scholis

302 2211 406 2257 licet
427 2211 544 2257 aliud
565 2211 831 2266 disserentes,
854 2222 997 2257 tamen
1015 2213 1132 2258 idola
1154 2230 1251 2258 cum
1267 2212 1396 2275 plebe
1409 2222 1674 2266 venerantes,

304 2282 381 2345 qui
401 2282 453 2326 de
469 2282 742 2327 naturalibus
762 2282 900 2327 causis
926 2283 1092 2346 aliquid
1116 2284 1354 2343 excogitare
1387 2282 1530 2328 conati
1550 2292 1673 2339 sunt,

303 2353 415 2397 inter
444 2352 600 2398 multas
619 2352 835 2415 opinionis
859 2370 948 2399 suae
970 2355 1181 2399 vanitates
1200 2392 1210 2409 ,
1239 2354 1403 2416 aliquas
1433 2364 1579 2398 tamen
1599 2369 1677 2398 ve-

302 2423 442 2468 ritatis
458 2423 576 2469 velut
588 2422 800 2485 lampsere
818 2434 980 2485 partes,
992 2425 1068 2487 qui
1091 2442 1168 2487 per
1186 2423 1412 2483 caliginem
1432 2424 1551 2480 vani,
1569 2416 1677 2487 Ηᾷἷέ

302 2502 448 2540 tamen
471 2492 667 2553 dogmati
691 2502 846 2538 contra
869 2493 991 2557 quod
1019 2495 1185 2554 agimus
1200 2531 1211 2552 ,
1228 2498 1327 2554 jure
1352 2492 1554 2540 anteferri
1569 2510 1677 2559 pos—
