1843 3190
224 343 397 376 CONTRA
432 341 657 374 JULIANUM
693 339 1002 383 pumannum,
1041 342 1129 373 Lm.
1173 344 1232 373 iv.
1310 323 1402 390 257·

33 411 268 469 castigant,
297 426 396 455 cum
411 408 627 454 abstinent
642 407 698 453 ab
714 407 851 453 alieno
867 444 879 464 ,
897 418 938 453 et
954 406 1008 453 de
1027 423 1102 453 suo
1120 424 1235 471 saepe
1253 409 1406 454 amissa

35 490 345 535 contemnunt,
376 478 496 542 quod
535 477 710 524 videtur
751 478 804 523 ad
839 478 1052 537 justitiam
1087 479 1300 541 pertinere
1315 515 1326 534 ,
1354 494 1408 522 ne

30 550 183 609 Jurgiis
202 560 242 595 et
256 549 431 609 judiciis
455 548 584 610 plura
603 550 890 593 consumant?
908 547 1020 593 Cum
1040 548 1154 593 enim
1172 548 1314 607 agitur
1331 548 1409 593 ali-

35 620 146 684 quid
169 620 420 683 prudenter,
443 617 629 674 fortiter,
651 628 959 681 temperanter,
985 628 1026 662 et
1043 621 1158 677 juste
1172 654 1183 674 ,
1205 619 1410 664 omnibus

38 700 228 752 quatuor
254 689 488 735 virtutibus
507 688 666 747 agitur,
693 705 793 751 quae
810 687 1050 733 secundum
1075 698 1190 733 tuam
1216 688 1410 752 disputa-

38 761 199 806 tionem
230 776 344 806 verae
372 760 550 805 virtutes
574 770 704 815 sunt,
735 759 768 805 si
806 759 859 804 ad
888 759 1236 819 cognoscendum
1263 772 1411 807 utrum

39 847 152 877 verae
171 829 274 886 sint,
298 830 386 875 hoc
406 829 710 875 tantummodo
730 829 989 875 intuendum
1011 829 1129 892 quod
1154 831 1311 889 agitur,
1331 849 1412 879 nec

41 917 169 947 causa
193 900 427 964 quaerenda
450 910 512 945 est
536 917 614 945 cur
639 910 819 959 agatur:
851 899 967 945 unde
987 917 1040 945 ne
1063 900 1145 945 tibi
1163 901 1312 947 videar
1334 920 1412 949 ca-

41 970 269 1026 lumniari,
293 971 386 1033 ipsa
408 980 480 1015 tua
504 971 635 1016 verba
657 973 749 1029 jam
775 987 936 1032 ponam
955 988 966 1014 ε
985 991 1004 1010 «
1024 973 1319 1029 Cunctarum,
1342 973 1414 1019 in-

42 1040 165 1104 quis,
201 1040 319 1099 origo
357 1040 568 1085 virtutum
608 1040 654 1084 in
690 1039 938 1084 rationabili
972 1039 1115 1084 animo
1148 1041 1227 1085 sita
1256 1053 1346 1099 est,
1373 1055 1415 1089 et

46 1111 219 1156 affectus
243 1126 390 1155 omnes
409 1126 487 1172 per
515 1125 623 1172 quos
644 1119 716 1154 aut
737 1108 956 1154 fructuose
983 1120 1057 1154 aut
1080 1110 1277 1157 steriliter
1309 1114 1418 1160 boui

46 1196 219 1237 sumus,
246 1180 292 1225 in
311 1180 509 1239 subjecto
533 1189 635 1224 sunt
657 1179 810 1224 mentis
828 1189 1011 1234 nostrae,
1041 1179 1274 1241 prudentia
1290 1219 1301 1238 ,
1321 1187 1413 1242 jus-

48 1250 166 1307 titia,
204 1249 517 1313 temperantia,
555 1247 784 1294 fortitudo.
827 1249 998 1294 Horum
1027 1249 1160 1309 igitur
1187 1252 1422 1298 affectuum

0 1370 1 1380 ¹
48 1321 112 1367 vis
129 1336 230 1365 cum
247 1320 300 1364 sit
323 1319 368 1364 in
388 1318 591 1364 omnibus
609 1318 884 1375 naturaliter,
905 1318 1051 1382 inquis
1067 1357 1077 1375 ,
1101 1337 1188 1366 non
1209 1332 1351 1368 tamen
1370 1323 1426 1369 ad

50 1407 190 1437 unum
213 1391 343 1435 finem
369 1390 415 1435 in
443 1390 647 1435 omnibus
683 1400 890 1453 properat
911 1407 920 1433 :
949 1389 1021 1434 sed
1044 1407 1126 1452 pro
1157 1392 1326 1450 judicio
1350 1411 1428 1441 vo-

51 1459 253 1515 luntatis,
285 1462 407 1518 cujus
432 1459 562 1504 nutui
595 1459 810 1514 serviunt,
851 1469 925 1504 aut
952 1458 1004 1503 ad
1037 1470 1225 1517 aeterna,
1266 1473 1339 1507 aut
1375 1463 1430 1509 ad

56 1528 309 1592 temporalia
338 1529 601 1588 diriguntur.
633 1528 767 1584 Quod
792 1545 893 1573 cum
929 1528 1003 1584 fit,
1041 1546 1129 1574 non
1152 1531 1197 1575 in
1228 1548 1277 1576 eo
1311 1532 1434 1596 quod

55 1610 182 1656 sunt,
203 1616 293 1644 non
312 1599 357 1644 in
380 1616 429 1644 eo
449 1599 568 1661 quod
591 1610 748 1658 agunt,
777 1598 849 1644 sed
866 1598 911 1643 in
935 1615 984 1643 eo
1006 1599 1095 1644 solo
1119 1601 1288 1647 variant
1313 1603 1436 1666 quod

55 1679 288 1716 merentur.
321 1669 411 1713 Nec
444 1668 633 1713 nominis
657 1668 722 1713 sui
756 1668 902 1728 igitur,
928 1668 1092 1731 inquis,
1123 1682 1332 1732 possunt,
1356 1688 1437 1717 nec

59 1739 221 1800 generis
253 1739 459 1784 sustinere
486 1738 791 1803 dispendium,
819 1738 892 1784 sed
912 1738 1040 1784 solius
1066 1740 1187 1803 quod
1207 1743 1437 1805 appetive-

60 1821 163 1856 runt
187 1809 359 1873 praemii
380 1820 452 1855 aut
475 1809 763 1874 amplitudine
787 1809 1002 1866 ditantur,
1026 1821 1100 1855 aut
1120 1811 1303 1858 exilitate
1322 1812 1438 1858 frus-

59 1890 248 1926 trantur.
277 1901 298 1922 ›>
317 1880 427 1926 Haec
447 1880 526 1926 ubi
550 1880 755 1927 didiceris
772 1917 784 1937 ,
807 1881 951 1926 nescio
973 1898 983 1925 :
1006 1884 1095 1939 jam
1116 1891 1260 1928 tamen
1283 1883 1441 1939 cernis,

61 1961 111 1998 ut
125 1951 329 2007 arbitror,
349 1968 615 2014 consequens
634 1968 742 2007 esse,
766 1962 815 1997 ut
838 1968 937 1997 vera
958 1951 1011 1996 sit
1034 1951 1170 1997 virtus
1184 1990 1196 2009 ,
1216 1970 1445 2000 avarorum

63 2021 322 2086 prudentia,
345 2039 434 2085 qua
456 2022 699 2081 excogitant
726 2039 879 2081 genera
902 2021 1156 2068 lucellorum
1176 2043 1187 2077 3
1215 2034 1258 2069 et
1289 2041 1446 2069 avaro-

63 2109 163 2138 rum
188 2092 358 2152 justitia
374 2129 385 2148 ,
406 2109 492 2155 qua
523 2093 720 2151 gravium
744 2091 1006 2137 damnorum
1039 2102 1156 2138 metu
1178 2093 1350 2140 facilius
1369 2110 1444 2139 sua

65 2178 381 2224 nonnunquam
413 2172 724 2217 contemnunt,
751 2178 884 2224 quam
907 2172 1121 2224 usurpant
1149 2162 1312 2226 aliquid
1340 2164 1445 2209 alie-

67 2249 203 2286 num;
229 2243 270 2277 et
296 2248 524 2278 avarorum
542 2233 830 2295 temperantia
848 2269 858 2287 ,
884 2249 970 2295 qua
996 2232 1177 2278 luxuriae
1193 2271 1203 2289 ,
1238 2234 1445 2297 quoniam

70 2313 326 2365 sumptuosa
349 2313 435 2358 est,
465 2303 676 2348 cohibent
710 2303 955 2365 appetitum
976 2340 987 2359 ,
1016 2302 1193 2367 soloque
1211 2305 1451 2350 necessario

69 2373 190 2418 victu
204 2383 540 2436 tegumentoque
559 2373 750 2418 contenti
765 2383 865 2418 sunt
879 2393 889 2427 3
907 2384 947 2419 et
960 2390 1186 2421 avarorum
1216 2374 1449 2433 fortitudo,

43 2478 46 2479 γ
73 2459 188 2505 qua,
214 2453 261 2487 ut
286 2443 344 2487 ait
368 2443 572 2488 Horatius
600 2460 610 2488 ε

236 2529 297 2557 Per
313 2536 399 2557 mare
417 2526 602 2569 pauperiem
622 2525 770 2568 fugiunt,
794 2537 852 2569 per
868 2537 960 2566 saxa,
982 2538 1038 2570 per
1058 2527 1146 2570 ignes
1162 2529 1185 2561 ¹.

80 2604 167 2651 qua
196 2586 384 2651 denique
405 2589 687 2648 cognovimus
705 2589 916 2652 quosdam
935 2589 1180 2653 irruptione
1197 2591 1428 2637 barbarica
1443 2628 1456 2647 ,

131 2672 141 2695 ¹
160 2675 273 2704 Horat.
290 2672 348 2704 hb.
373 2684 401 2705 1.
419 2673 511 2717 epist.
533 2685 562 2705 1.
581 2684 660 2704 vers.
678 2673 733 2709 46.

218 2739 350 2770 exul.
1279 2743 1331 2789 17
