1843 3190
333 219 420 265 289
750 237 784 265 s,
832 236 1069 266 At'Gl'STINI
1108 237 1309 268 EPISCOPI

331 311 555 350 venerunt.
579 302 629 346 In
648 301 798 365 primis
822 313 961 347 autem
981 303 1241 362 conjugibus
1257 339 1267 357 ‚
1302 303 1375 366 qui
1400 320 1446 348 ex
1467 303 1595 350 nullis
1619 322 1703 368 pa-

333 372 527 417 rentibus
551 372 639 417 nati
675 383 773 417 sunt
792 410 802 427 ,
830 390 910 435 per
931 384 1161 436 peccatum
1199 373 1358 418 accidit
1382 374 1566 420 carnalis
1595 392 1705 420 con-

332 442 613 505 cupiscentiae
652 443 962 489 discordiosum
1011 444 1200 500 malum,
1251 461 1337 507 quo
1380 445 1549 508 nuptiae
1595 446 1705 497 bene

333 523 578 566 uterentur3
606 531 690 558 non
713 515 916 577 peripsas
935 514 1108 578 nuptias
1126 551 1136 569 ,
1158 525 1207 559 ut
1225 514 1326 560 inde
1351 515 1503 560 merito
1529 515 1707 561 damna-

332 593 496 630 rentur.
523 584 641 639 Quid
666 601 764 644 ergo
782 585 966 648 quaeris,
990 606 1010 625 α
1029 586 1186 630 Utrum
1206 585 1249 630 in
1269 585 1532 646 conjugibus
1554 585 1705 631 Chris-

332 653 458 699 tianis
484 665 776 700 conventuum
814 655 1083 718 voluptatem
1106 692 1115 709 ,
1145 654 1404 718 pudicitiam
1425 692 1435 711 ‚
1468 673 1522 700 an
1553 655 1706 718 impu-

334 724 527 770 dicitiam
543 726 788 770 nominem?
802 748 819 766 ›>
836 726 948 771 Ecce
964 725 1221 788 respondeo„
1246 743 1332 770 non
1351 726 1443 789 ipsa
1458 726 1708 771 nominatur

333 795 578 858 pudicitia,
607 794 678 840 sed
698 797 790 856 ejus
817 794 919 840 mali
946 812 1046 840 usus
1067 796 1237 848 bonus3
1265 812 1352 857 quo
1380 811 1460 840 usu
1489 795 1608 841 bono
1627 796 1703 850 fit,

336 875 385 910 ut
410 864 519 909 illud
546 865 708 910 malum
726 881 806 910 nec
829 864 1106 928 impudicitia
1130 863 1216 909 dici
1238 865 1385 928 possit.
1424 864 1708 928 Impudicitia

335 945 396 980 est
419 934 532 979 enim
564 934 755 994 ejusdem
792 935 893 980 mali
926 951 1026 980 usus
1059 934 1320 994 flagitiosus;
1356 935 1468 980 sicut
1495 934 1709 999 pudicitia

335 1005 558 1065 virginalis
574 1043 584 1062 ‚
615 1005 774 1052 nullus.
807 1006 934 1051 Salva
952 1006 1085 1065 igitur
1102 1005 1317 1069 pudicitia
1335 1006 1553 1065 conJ'ugali
1570 1043 1582 1063 ‚
1612 1024 1709 1052 ma-

337 1076 427 1121 lum
452 1075 505 1121 de
526 1075 639 1121 malo
656 1075 872 1122 nascendo
903 1076 1092 1121 trahitur
1108 1113 1119 1130 ‚
1148 1075 1267 1139 quod
1299 1076 1562 1126 renascendo
1596 1093 1709 1140 pur—

339 1157 474 1206 getur.

403 1219 455 1264 L.
496 1239 517 1259 α
540 1217 625 1263 Sed
664 1218 698 1263 si
729 1229 911 1282 propter
937 1218 1050 1274 hoc,
1087 1218 1230 1281 inquis
1248 1255 1258 1273 ‚
1287 1215 1484 1262 libidinis
1512 1217 1673 1264 malum
1694 1256 1705 1275 ‚

336 1288 465 1334 etiam
491 1288 544 1333 de
580 1289 841 1349 conjugibus
876 1289 1133 1335 Christianis
1164 1288 1308 1352 proles
1338 1288 1568 1334 criminosa
1601 1307 1711 1352 pro-

336 1358 473 1404 fertur
490 1396 501 1415 ,
523 1360 716 1422 sequitur
734 1371 782 1405 ut
798 1359 1013 1423 pudicitia
1036 1359 1258 1419 virginalis
1289 1359 1341 1404 sit
1362 1357 1579 1404 felicitatis
1608 1359 1710 1405 illa-

337 1429 451 1474 trix:
490 1440 531 1475 et
562 1429 664 1492 quia
692 1429 738 1475 in
771 1430 916 1492 impiis
951 1429 1202 1485 invenitur,
1237 1427 1404 1492 inquis,
1450 1429 1713 1475 antecellunt

336 1499 529 1545 infideles
553 1500 780 1564 pudicitiae
797 1501 954 1546 virtute
972 1499 1201 1555 sublimes,
1228 1499 1486 1546 Christianis
1514 1499 1712 1545 libidinis

337 1572 437 1617 tabe
462 1571 654 1633 pollutis.
683 1593 703 1612 »
740 1571 837 1616 Non
866 1582 927 1616 est
956 1571 1016 1616 ita
1052 1582 1101 1616 ut
1132 1570 1269 1624 dicis;
1308 1571 1494 1615 multum
1531 1569 1705 1617 falleris.

341 1643 430 1687 Nec
459 1641 654 1687 libidinis
678 1643 791 1687 enim
824 1642 922 1687 tabe
959 1641 1246 1704 polluuntur,
1280 1641 1358 1704 qui
1391 1639 1574 1686 libidine
1603 1641 1712 1686 bene

337 1723 549 1766 utuntur3
591 1712 788 1775 quamtis
821 1724 1020 1772 generent
1054 1712 1250 1757 libidinis
1283 1712 1384 1756 tabe
1416 1710 1635 1773 pollutos,
1673 1721 1714 1756 et

338 1782 435 1828 ideo
461 1782 800 1860 regenerandos.
821 1800 901 1828 nec
919 1783 964 1827 in
986 1783 1132 1846 impiis
1148 1782 1368 1828 invenitur
1390 1780 1604 1858 pudicitia
1622 1781 1715 1827 vit-

340 1853 515 1915 ginalis.
507 1853 737 1916 quamvis
772 1853 1017 1898 inveniatur
1044 1852 1264 1912 xirginitas
1290 1851 1461 1904 carnis;
1488 1851 1590 1914 quia
1616 1868 1715 1896 vera

339 1924 555 1989 pudicitia
580 1940 669 1969 non
699 1933 842 1987 potest
872 1922 1110 1968 habitare
1100 1939 1145 1967 111
1181 1921 1324 1966 animo
1357 1920 1615 1967 fornicante.
1653 1922 1714 1967 Ac

338 2014 418 2059 per
450 1995 536 2041 hoc
572 2012 661 2040 non
704 1994 986 2057 anteponitur
1019 1993 1227 2053 virginale
1262 1992 1428 2037 bonum
1473 1992 1712 2054 impiorum

338 2067 456 2112 bono
475 2065 691 2126 conjugali
716 2064 911 2110 fidelium
933 2082 944 2109 :
972 2064 1044 2110 sed
1066 2067 1270 2123 conjuges
1287 2063 1398 2107 bene
1421 2072 1586 2107 utentes
1602 2061 1715 2107 malo

340 2148 666 2201 anteponuntur
689 2135 931 2195 virginibus
963 2134 1074 2180 male
1111 2133 1335 2179 utentibus
1364 2132 1497 2178 bono.
1530 2133 1585 2176 Et
1618 2131 1715 2177 ideo

338 2224 438 2253 cum
466 2206 612 2252 fideles
632 2205 851 2266 conjugati
879 2206 990 2250 bene
1026 2215 1212 2249 utuntur
1236 2202 1351 2248 malo
1384 2201 1607 2257 libidinis,
1629 2219 1717 2247 non

339 2299 359 2320 <‹
383 2278 514 2341 Apud
534 2295 604 2323 eos
627 2279 699 2333 (ut
718 2276 997 2322 calumniaris
1015 2276 1030 2337 )
1052 2284 1234 2338 propter
1252 2273 1383 2319 fidem
1404 2283 1622 2318 exercetur
1637 2273 1717 2317 im-

340 2349 516 2412 punitas
541 2347 798 2402 criminis‚›>
833 2346 904 2391 scd
943 2346 988 2391 in
1013 2346 1070 2391 eis
1103 2353 1282 2407 propter
1325 2342 1455 2388 fidem
1495 2359 1595 2388 vera
1629 2359 1718 2388 non

340 2419 445 2465 falsa
469 2418 607 2464 Virtus
624 2428 683 2462 est
705 2417 927 2463 castitatis.

405 2490 480 2536 LI.
523 2488 642 2545 Quid
676 2499 817 2534 autem
855 2488 907 2533 ad
943 2504 1022 2532 nos
1056 2485 1271 2549 pertinet,
1306 2483 1409 2546 quia
1450 2482 1718 2528 Manichaeos

341 2561 484 2608 dicere
512 2560 697 2607 affirmas
725 2577 734 2605 :
777 2558 986 2624 «Siquis
1012 2554 1305 2605 homicidium
1334 2553 1597 2600 conscientia
1625 2550 1718 2598 for-
