1843 3190
269 333 442 365 CONTRA
475 331 702 364 JULlANUM
737 331 1040 372 PELAOEANUM,
1080 333 1167 363 LIR.
1210 334 1259 363 11.
1355 320 1438 380 167

74 407 229 451 offensa
255 405 575 464 generositatem
613 403 767 467 primae
800 415 842 450 et
876 405 1017 449 beatae
1056 403 1172 448 illius
1212 404 1441 449 creationis

74 476 293 521 amisimus
309 512 319 531 ‚
364 492 442 538 per
467 491 565 520 eum
588 485 760 519 rursum
799 475 845 520 id
868 474 988 538 quod
1021 473 1282 528 amissimus,
1329 474 1442 518 obti-

72 562 172 591 nere
207 561 464 591 mereamur.
503 545 628 589 Tunc
656 544 770 589 enim
814 544 1017 589 diabolus
1050 543 1255 589 invidens
1288 544 1439 588 nocuit

72 631 190 660 nunc
225 625 367 660 autem
391 631 491 660 cum
516 630 670 659 nocere
708 614 861 659 nititur
879 650 890 669 ‚
914 613 1119 659 vincitur.
1162 618 1312 658 Movet
1333 613 1448 657 enim

71 703 148 748 per
164 685 458 730 infirmitatem
482 685 622 730 carnis
645 695 804 730 nostrae
823 684 967 730 omnia
992 683 1216 746 potestatis
1234 700 1323 728 suae
1340 683 1439 736 tela,

72 771 172 800 cum
199 755 252 799 ad
279 755 502 800 lasciviam
528 754 753 810 accendit,
785 770 887 800 cum
924 753 979 798 ad
1006 753 1258 799 ebrietatem
1286 752 1441 807 illicit,

70 841 170 869 cum
192 824 245 869 ad
267 824 367 870 odia
391 825 602 880 stimulat,
634 840 734 870 cum
760 824 815 870 ad
839 823 1065 870 avaritiam
1084 834 1325 886 provocat,
1345 840 1446 868 cum

71 894 123 939 ad
146 894 284 939 caedes
307 895 482 940 instruit
501 931 512 950 ‚
536 911 637 940 cum
658 894 713 940 ad
732 894 962 940 maledicta
987 894 1227 939 exacerbat.
1251 893 1335 938 Sed
1346 910 1450 938 cum

68 977 145 1027 per
169 966 415 1010 firmitatem
440 965 572 1009 animi
598 965 759 1010 horum
785 965 980 1010 omnium
1005 964 1283 1027 subrepentia
1302 964 1448 1008 incen-

67 1034 154 1079 tiva
175 1034 491 1096 reprimuntur,
519 1034 811 1079 emundamur
836 1052 858 1079 a
878 1044 1059 1096 peccato
1098 1033 1177 1095 per
1201 1033 1334 1092 hujus
1353 1033 1450 1078 vic-

68 1103 192 1148 toriae
215 1103 411 1162 gloriam.
446 1103 624 1148 Dictum
653 1103 767 1147 enim
795 1103 856 1147 ita
883 1113 972 1147 est:
1005 1124 1024 1143 α
1054 1105 1141 1148 Aut
1163 1101 1385 1164 quomodo
1406 1119 1449 1147 se

70 1195 90 1214 »
113 1173 372 1219 emundabit
393 1179 519 1218 natus
543 1191 591 1219 ex
607 1173 785 1219 muliere
805 1176 823 1218 Ρ
844 1173 960 1229 Quia
981 1184 1069 1218 non
1095 1182 1262 1218 extante
1294 1172 1442 1227 hoste,

67 1265 88 1285 ›>
111 1249 195 1289 non
219 1244 298 1289 erit
328 1244 492 1289 bellum
515 1263 526 1297 3
561 1253 750 1289 cessante
789 1243 944 1289 deinde
975 1243 1091 1288 bello
1111 1280 1122 1299 ,
1158 1242 1341 1289 Victoria
1367 1241 1448 1287 de-

66 1316 87 1356 n'
111 1313 237 1359 eritst.
263 1334 283 1355 »
306 1312 619 1359 Collidentium
641 1324 783 1359 autem
811 1312 1012 1359 adversus
1032 1319 1110 1357 nos
1130 1312 1335 1357 vitiorum
1348 1311 1446 1357 vic-

66 1385 173 1430 toria
201 1390 285 1430 non
306 1382 481 1447 adepta,
505 1390 592 1430 non
613 1385 693 1430 erit
713 1383 966 1430 emundatio
981 1374 1070 1429 ulla
1087 1383 1295 1429 Vitiorum
1313 1400 1324 1426 :
1345 1382 1447 1445 quia

65 1456 134 1500 his
170 1455 335 1500 insidiis
366 1455 561 1518 corporis
598 1456 730 1499 nostri
770 1455 913 1517 pirata
945 1455 1085 1509 victo,
1114 1450 1446 1499 ¹colluctantium

65 1525 267 1570 adversus
294 1542 370 1570 nos
405 1525 655 1587 passionum
693 1524 1014 1569 concertatione
1048 1539 1305 1586 purgamur.
1349 1523 1446 1566 Me·-

64 1612 201 1640 mores
223 1595 356 1656 igitur
374 1632 383 1650 ‚
406 1595 550 1656 inquit
570 1632 579 1649 ‚
605 1605 646 1639 et
661 1595 840 1649 conscii,
863 1594 937 1640 illa
960 1594 1055 1656 ipsa
1083 1599 1269 1655 corpora
1298 1601 1444 1637 nostra

65 1665 258 1723 omnium
298 1664 504 1709 vitiorum
541 1681 627 1709 esse
651 1663 900 1718 materiem,
927 1681 1006 1726 per
1038 1670 1169 1725 quam
1202 1661 1364 1725 polluti
1400 1672 1442 1706 et

62 1734 227 1780 Sordidi
253 1734 364 1780 nihil
390 1736 436 1779 in
459 1734 586 1779 nobis
613 1734 831 1779 mundum
848 1772 859 1790 ,
888 1733 1000 1779 nihil
1031 1734 1239 1779 innocens
1263 1731 1461 1777 obtine·

64 1822 157 1849 mus
174 1842 184 1859 ‚
212 1804 477 1863 gaudeamus
499 1804 627 1849 nobis
647 1821 733 1849 esse
755 1805 922 1849 hostem
941 1841 952 1860 ,
984 1804 1030 1849 in
1055 1807 1179 1863 cujus
1209 1812 1440 1848 concerta-

65 1874 179 1919 tione
201 1873 393 1936 quodam
418 1874 750 1919 concertationis
774 1885 929 1920 nostrae
954 1865 1070 1919 bello
1092 1873 1408 1919 dimicemus.»

125 1944 330 1990 XXVIII.
363 1945 415 1988 In
445 1944 707 2007 expositione
742 1955 885 1990 autem
919 1944 1051 2008 primi
1090 1942 1287 1989 Psalmi‘2
1325 1941 1440 1987 idem

62 2014 217 2060 doctor
238 2017 326 2060 non
349 2014 525 2060 dubitat
543 2014 715 2069 dicere,
738 2021 941 2060 naturam
967 2014 1177 2068 nostram,
1210 2013 1363 2075 utique
1387 2013 1441 2057 is-

61 2089 150 2130 tam
162 2102 269 2162 ‘quae
293 2085 346 2130 de
365 2085 522 2130 morbo
542 2052 749 2131 morbuin
766 2086 918 2135 trahit
943 2085 996 2131 ad
1018 2082 1295 2148 peccandum
1317 2083 1437 2139 ferri,

62 2172 112 2200 ac
139 2156 199 2200 sic
217 2173 270 2200 ne
291 2171 539 2218 peccemus,
562 2155 766 2201 adversus
796 2173 888 2201 eam
913 2162 988 2201 nos'
1009 2155 1203 2233 quodam
1231 2153 1360 2198 modo
1385 2154 1442 2198 fi-

62 2225 131 2270 dei
157 2224 361 2284 ieligione
388 2241 597 2287 puonare.
627 2225 822 2271 «Plures
851 2226 965 2270 enim
999 2232 1125 2279 sunt,
1166 2223 1342 2286 inquit,
1365 2223 1443 2286 qui

62 2305 162 2340 cum
183 2311 262 2358 per
282 2294 592 2340 confessionem
613 2295 693 2340 Dei
715 2296 771 2340 ab
790 2295 1013 2358 impietate
1036 2294 1211 2340 discreti
1228 2294 1331 2350 sint,
1352 2310 1440 2338 non

61 2364 207 2411 tamen
227 2384 249 2411 a
272 2376 455 2429 peccato
476 2383 555 2428 per
581 2366 627 2412 id
645 2366 772 2412 liberi
792 2377 891 2412 sunt
906 2403 917 2422 ,
939 2365 1144 2411 Ecclesiae
1162 2364 1440 2427 disciplinam

61 2436 149 2482 non
168 2440 355 2481 tenentes
380 2473 391 2491 ,
414 2437 462 2481 'ut
493 2437 633 2493 avari,
661 2436 848 2493 ebriosi,
890 2436 1147 2481 tumultuosi
1168 2473 1177 2491 ,
1203 2448 1436 2498 procaces,

63 2506 240 2569 'superbi
261 2542 272 2561 ‚
314 2505 581 2552 simulatores
603 2543 615 2563 ‚
656 2506 884 2553 mendaces
903 2544 914 2562 ‚
941 2510 1135 2570 rapaces
1167 2507 1220 2556 Et
1256 2505 1310 2551 ad
1342 2505 1440 2549 haec

63 2576 240 2640 quidem
258 2585 335 2622 nos
352 2576 455 2623 vitia
467 2587 654 2634 naturae,
676 2577 839 2643 inquit3
862 2584 1022 2624 nostrae
1037 2576 1245 2641 propellit
1263 2575 1441 2622 instinc-

111 2660 214 2692 ¹J0b.
236 2656 310 2699 nv,
333 2662 365 2697 4.
383 2676 426 2684 -
441 2656 511 2692 2111
530 2655 611 2692 Psal.
636 2671 665 2699 1,
686 2671 717 2694 1.
