1843 3190
381 346 469 376 202
800 345 836 374 S.
879 343 1123 374 AUGUSTINI
1159 342 1363 373 EPISCOPI

379 413 621 476 concipere.
645 410 776 470 Quod
794 410 825 455 si
841 410 996 458 falsum
1017 419 1143 464 esset,
1162 408 1283 454 nulio
1303 407 1432 453 inodo
1450 407 1592 453 dicere
1610 407 1756 471 Scrip-

377 493 474 528 tura
493 495 686 529 curaret:
701 504 721 523 «
735 479 1001 526 Defecerunt
1015 489 1158 524 autem
1180 480 1297 524 Sarae
1318 479 1409 524 fieri
1428 477 1686 523 muliebria1
1706 495 1716 522 :
1735 499 1755 519 ›>

378 570 478 598 cum
500 554 696 616 superius
711 556 803 612 jam
830 550 1002 595 dixisset
1021 567 1032 594 :
1059 570 1080 589 κ
1101 549 1326 594 Abraham
1349 559 1488 593 autem
1511 558 1552 593 et
1577 548 1681 593 Sara
1696 564 1757 592 se-

379 644 400 664 »
414 624 551 669 niores
567 622 780 687 progressi
795 622 839 667 in
855 620 1009 666 diebus
1027 619 1159 666 suis.»
1172 621 1258 664 Pro
1273 619 1403 664 modo
1418 635 1517 678 ergo
1530 629 1612 664 tem
1622 618 1754 681 poris,

378 698 503 753 cujus
522 694 648 754 longe
666 692 896 757 prolixiore
915 691 1060 754 spatio
1079 700 1182 736 tunc
1199 690 1271 735 viv
1261 690 1433 745 ebant,
1455 705 1656 748 generare
1665 691 1759 748 jam

378 764 451 809 illa
466 775 593 810 aetate
614 782 700 811 non
716 772 946 827 poterant,
968 778 1070 806 cum
1093 771 1198 806 esset
1222 760 1446 805 Abraham
1466 759 1751 814 centenarius,

380 835 486 879 Sara
499 834 818 895 nonagenaiia3
838 833 1003 878 etiamsi
1027 831 1178 877 sterilis
1199 846 1287 876 non
1305 830 1479 886 fuisset,
1500 840 1539 876 et
1558 840 1656 875 ante
1676 847 1755 874 an-

382 920 486 948 num
512 904 880 957 concumberent,
909 901 1086 964 quando
1114 900 1263 946 adhuc
1288 899 1324 944 ei
1354 900 1550 946 fluebant
1583 899 1758 945 fortasse

382 973 641 1027 muliebri33
661 984 704 1019 et
719 973 817 1018 ideo
835 972 981 1018 adhuc
1002 971 1233 1034 concipere
1255 981 1426 1034 posset,
1449 971 1481 1017 si
1498 970 1669 1031 juvenis
1689 987 1759 1015 es-

383 1054 443 1088 set
477 1043 689 1097 maritum
730 1054 836 1088 tunc
868 1053 1010 1088 autem
1060 1058 1149 1087 non
1184 1051 1349 1104 posset,
1383 1051 1565 1104 propter
1602 1054 1761 1102 corpus

386 1114 579 1158 Abrahae
601 1113 662 1158 sic
690 1123 937 1158 emortuum
967 1122 1209 1167 senectute,
1238 1121 1287 1156 ut
1313 1127 1362 1156 ex
1387 1109 1503 1156 illius
1520 1109 1659 1155 aetatis
1672 1108 1761 1154 foe-

385 1184 498 1230 mina
525 1184 699 1244 gignere
732 1195 820 1229 non
845 1183 1032 1235 valeretg
1059 1183 1135 1246 qui
1163 1193 1308 1227 tamen
1333 1191 1375 1226 et
1396 1180 1488 1244 ipse
1513 1180 1566 1225 de
1591 1179 1762 1225 adoles-

389 1253 561 1299 centula
581 1254 740 1299 valeret
757 1292 767 1310 ‚
795 1254 905 1299 sicut
926 1263 1074 1316 postea
1094 1252 1147 1297 de
1171 1251 1365 1296 cethura
1381 1250 1543 1296 valuit2
1570 1269 1580 1295 :
1607 1262 1765 1313 quam-

388 1325 450 1370 vis
490 1336 531 1369 et
566 1324 655 1370 illic
686 1325 774 1370 dici
810 1325 974 1387 possit,
1017 1322 1315 1368 foecunditatis
1356 1338 1516 1366 munus
1540 1321 1585 1366 in
1614 1319 1766 1365 eodem

388 1413 674 1458 perseverasse
694 1433 704 1451 ,
731 1395 851 1458 quod
885 1405 1110 1456 acceperat
1148 1404 1196 1438 ut
1231 1401 1478 1449 nasceretur
1507 1393 1640 1437 Isaac.
1679 1391 1764 1435 Pro

388 1466 520 1511 modo
542 1477 684 1511 autem
708 1482 825 1511 nunc
855 1465 1085 1528 temporis,
1118 1466 1206 1527 quo
1237 1463 1363 1523 longe
1395 1462 1594 1508 breviore
1623 1461 1766 1524 spatio

388 1536 544 1581 vivunt
568 1536 793 1592 homines,
830 1535 943 1581 intra
978 1545 1153 1580 centum
1190 1551 1325 1579 annos
1358 1533 1587 1579 amborum
1606 1535 1766 1592 conju-

391 1622 493 1665 gum
518 1622 718 1664 generare
747 1622 872 1668 posse
896 1605 1120 1650 dicuntur.
1153 1603 1199 1649 Si
1218 1611 1321 1649 vero
1341 1603 1387 1649 in
1407 1619 1620 1649 summam
1644 1600 1769 1647 ducti

392 1676 622 1721 amborum
647 1675 747 1721 anni
767 1676 1060 1721 centenarium
1087 1680 1315 1719 numerum
1331 1673 1582 1719 exeesserint
1598 1709 1609 1728 ‚
1629 1672 1689 1719 sic
1707 1689 1770 1717 as-

392 1756 641 1791 severantur
663 1763 752 1791 non
768 1763 892 1809 posse
906 1746 1016 1791 filios
1030 1762 1261 1809 procreare
1274 1782 1283 1795 ,
1308 1744 1472 1789 etiarnsi
1492 1743 1699 1789 foecunda
1718 1743 1772 1788 sit

393 1815 565 1871 mulier,
586 1826 628 1860 et
645 1816 882 1862 fluentibus
896 1816 1044 1861 adhue
1062 1812 1352 1860 muliebribus
1371 1814 1506 1877 possit
1525 1815 1571 1859 ex
1584 1817 1771 1873 juvene3

395 1895 442 1930 ut
470 1888 567 1944 jure
590 1884 720 1930 fuerit
741 1886 870 1931 etiam
894 1887 1206 1941 constitutum,
1231 1902 1284 1929 ne
1313 1885 1542 1948 quisquam
1563 1887 1634 1943 jus
1656 1882 1772 1927 libe-

395 1972 544 2001 rorum
582 1955 793 2012 haberet,
825 1957 907 2002 nisi
941 1974 1041 2003 cum
1068 1956 1300 2002 amborum
1329 1956 1432 2000 anni
1464 1953 1709 2018 computati
1733 1963 1775 1999 et

394 2026 522 2072 simul
545 2026 668 2072 ducti
686 2038 861 2073 centum
883 2027 1079 2074 transisse
1103 2026 1376 2073 docerentur.

463 2099 634 2144 XXIII.
678 2098 945 2144 Miraculum
966 2116 1066 2158 ergo
1095 2097 1174 2144 Dei
1190 2096 1357 2143 factum
1380 2106 1467 2151 est,
1495 2107 1544 2141 ut
1569 2096 1776 2159 concipe—

394 2178 512 2213 retur
537 2170 685 2222 Isaac,
725 2185 813 2214 non
849 2170 1109 2232 parentibus
1142 2172 1232 2228 ejus
1255 2166 1440 2213 libidine
1473 2166 1669 2220 reddita,
1704 2166 1778 2211 sed

395 2239 682 2285 foecunditate
706 2239 864 2284 donata
889 2257 899 2284 :
926 2257 1028 2285 nam
1052 2239 1125 2285 illa
1149 2255 1235 2284 esse
1269 2243 1440 2301 poterat
1472 2235 1601 2282 etiam
1624 2237 1669 2282 in
1693 2236 1779 2282 illis

399 2309 544 2362 annis3
566 2309 665 2355 baec
683 2327 783 2354 vero
806 2326 892 2354 esse
912 2327 1000 2354 non
1019 2319 1190 2373 poterat
1203 2346 1213 2364 ‚
1234 2311 1301 2353 ‘tot
1320 2306 1660 2370 impedientibus
1679 2314 1781 2352 ca'u-

398 2379 466 2425 sis,
499 2380 761 2442 Quanquam
786 2390 827 2424 et
850 2379 990 2425 libido
1011 2417 1021 2435 ‚
1049 2381 1162 2425 sicut
1185 2377 1384 2441 'superius
1405 2375 1684 2422 disseruimus
1701 2414 1712 2432 ‚
1744 2375 1778 2421 si

399 2449 603 2494 emortuis
629 2449 834 2494 membris
872 2449 1078 2495 senilibus
1113 2455 1291 2494 munere
1329 2447 1407 2492 Dei
1429 2447 1621 2510 quodam
1647 2445 1780 2492 modo

399 2518 756 2564 reviviscentibus
781 2519 908 2563 etiam
928 2519 1021 2580 ipsa
1041 2518 1342 2571 revivisceret3
1371 2517 1662 2563 conditionem
1681 2531 1782 2579 pro·

399 2587 512 2635 fecto
537 2588 677 2634 carnis
695 2589 994 2651 corruptibilis
1021 2599 1274 2654 sequeretur
1290 2625 1301 2644 ‚
1334 2595 1383 2634 ut
1401 2598 1509 2634 esset
1531 2588 1578 2634 in
1599 2600 1782 2651 corpore

450 2672 461 2693 1
479 2673 561 2703 Gen.
578 2682 674 2713 xviii,
700 2683 750 2702 11.
773 2689 817 2696 —-
836 2669 852 2692 ²
871 2670 919 2705 Id.
939 2681 1015 2714 xxv,
1037 2682 1067 2703 2.
