1843 3190
258 320 432 350 CONTRA
468 321 697 351 JULIANUM
734 320 1042 361 PELAGIANUM,
1083 321 1169 352 Llss.
1213 322 1253 351 V.
1342 307 1434 353 325

66 403 86 424 »
105 383 218 429 citur
249 385 394 431 ebrius
411 386 447 442 1,
473 407 492 428 ›>
510 386 606 431 Non
621 397 682 431 est
696 398 926 448 peccatum
941 398 982 432 θῖ
1001 402 1132 449 poena
1156 387 1343 449 peccati,
1358 387 1437 432 ubi

65 455 156 500 Deo
167 454 275 500 dicit
289 456 511 519 Propheta
527 474 564 500 2«
578 455 697 512 Quid
710 473 849 502 errare
857 457 994 502 fecisti
1008 474 1102 512 nOS‚
1121 457 1321 513 Domine,
1336 457 1439 503 avia

66 544 87 565 »
110 535 201 581 tua,
215 525 426 572 obtudisti
440 526 572 572 corda
590 537 749 582 nostra,
769 539 915 572 utnon
934 527 1181 573 timeremus
1193 529 1276 574 te2.
1303 528 1437 573 »Non

66 605 128 639 est
156 607 385 657 peccatum
411 607 451 642 et
467 614 599 660 poena
636 598 825 660 peccati,
847 598 924 642 ubi
941 614 1086 643 rursus
1112 599 1202 643 Deo
1227 598 1390 643 dicitur
1413 615 1425 642 :

69 686 89 707 «
111 667 224 712 Ecce
248 678 296 713 tu
318 669 451 713 iratus
478 686 520 714 es
534 705 544 723 ‚
580 679 620 714 θῖ
650 686 725 714 nos
744 669 1043 731 peccavimus3
1063 679 1294 731 propterea
1313 686 1433 714 erra-

68 757 89 778 »
106 738 246 783 vimus
266 749 307 783 et
330 739 435 784 facti
452 757 598 785 sumus
622 741 734 785 sicut
754 739 969 785 immundi
996 757 1144 785 omnes
1158 740 1204 786 3?
1231 763 1249 782 ›>
1269 741 1367 786 Non
1380 750 1442 784 est

66 818 294 869 peccatum
311 819 352 854 et
370 826 502 871 poena
529 810 720 873 peccati,
738 810 818 855 ubi
836 810 992 870 legitur
1030 810 1082 855 de
1115 811 1318 870 gentibus
1339 827 1446 873 quas

67 876 302 924 debellavit
325 880 447 925 tiesus
469 880 611 935 Nave,
641 881 744 943 quia
766 897 844 942 per
875 879 1115 925 Dominum
1132 879 1296 925 factum
1320 879 1411 925 est&
1432 899 1444 933 ;

69 947 307 994 confortari
342 967 417 995 cor
456 967 635 1004 eorum,
673 961 721 994 ut
757 949 934 995 obviam
964 950 1075 995 irent
1114 949 1169 995 ad
1201 950 1367 995 bellum
1392 949 1447 995 ad

69 1018 229 1073 Israel,
266 1030 314 1065 ut
342 1021 758 1066 exterminarentur?
797 1021 896 1065 Non
928 1031 989 1065 est
1006 1031 1238 1082 peccatum
1257 1031 1297 1065 et
1315 1036 1449 1083 poena

69 1089 238 1149 peccati
260 1090 380 1152 quod
406 1107 493 1135 non
518 1089 686 1135 audivit
703 1090 904 1134 Roboam
926 1107 996 1135 rex
1021 1089 1196 1152 plebem
1214 1091 1325 1135 bene
1351 1107 1450 1135 mo-

70 1169 241 1204 nentem
260 1196 270 1215 ‚
298 1161 504 1223 quoniam
530 1161 641 1205 sicut
665 1160 894 1222 Scriptura
926 1159 1123 1223 loquitur
1140 1196 1149 1213 ‚
1174 1161 1317 1205 «Erat
1340 1176 1450 1204 con-

72 1248 93 1268 2>
110 1229 245 1274 versio
276 1247 298 1274 a
331 1230 520 1274 Domino
542 1267 551 1285 ,
595 1240 643 1274 ut
663 1239 868 1274 statueret
889 1229 1072 1274 verbum
1094 1246 1219 1275 suum
1254 1228 1374 1293 quod
1400 1229 1453 1274 de

72 1297 182 1343 »illo
202 1298 373 1344 locutus
393 1311 455 1345 est
468 1300 512 1345 in
529 1316 660 1344 manu
675 1300 946 1362 Prophetae5
967 1303 1020 1345 o„
1037 1301 1135 1345 Non
1152 1311 1456 1362 estpeccatum

72 1379 114 1414 et
135 1385 270 1431 poena
298 1370 492 1433 peccati,
522 1371 566 1415 in
592 1388 640 1415 eo
659 1370 779 1432 quod
798 1370 1011 1433 scriptum
1032 1381 1094 1415 est
1113 1408 1123 1426 ‚
1151 1370 1368 1416 Amasiam
1385 1387 1456 1414 re·-

73 1455 167 1497 gem
193 1439 217 1482 J
224 1439 309 1485 uda
335 1440 522 1485 noluisse
555 1440 705 1485 audire
736 1440 862 1485 Joam
895 1457 1037 1500 regem
1072 1439 1210 1485 Israel
1232 1440 1343 1485 bene
1366 1457 1457 1485 mo-

73 1519 245 1554 nentem
265 1547 276 1566 ,
299 1527 351 1555 ne
378 1510 633 1573 procederet
657 1509 711 1555 ad
737 1509 1020 1556 bellandum?
1047 1510 1118 1555 Sic
1137 1509 1252 1554 enim
1273 1509 1454 1568 legitur,

75 1599 95 1619 α
115 1582 171 1623 Et
192 1596 281 1624 non
299 1580 467 1625 audivit
492 1580 682 1626 Amasias
698 1617 708 1635 ‚
731 1579 939 1642 quoniam
963 1597 986 1624 a
1007 1580 1098 1624 Deo
1127 1589 1217 1624 erat
1240 1589 1289 1624 ut
1310 1579 1460 1624 trade-

75 1670 96 1691 »
116 1660 233 1694 retur
254 1650 299 1694 in
318 1668 470 1696 manus
488 1688 498 1707 ‚
522 1651 729 1714 quoniam
765 1650 1033 1712 quaesierunt
1059 1649 1191 1694 deum
1224 1649 1410 1696 Edon16,
1437 1671 1458 1691 »

77 1720 132 1764 Et
150 1720 287 1766 multa
307 1720 389 1766 alia
410 1738 750 1766 commemorare
767 1737 1017 1783 possumus,
1040 1721 1084 1765 in
1103 1720 1265 1783 quibus
1288 1719 1457 1782 liquido

77 1802 280 1854 apparet,
306 1791 479 1837 occulto
507 1791 675 1852 judicio
706 1792 786 1836 Dei
812 1791 904 1837 fieri
941 1791 1266 1854 perversitatem
1286 1790 1456 1848 cordis,

76 1872 228 1908 utnon
248 1862 449 1908 audiatur
465 1862 585 1927 quod
606 1879 757 1908 verum
779 1861 965 1918 dicitur,
991 1873 1033 1907 et
1050 1861 1151 1907 inde
1168 1873 1392 1924 peccetur,
1418 1873 1461 1907 et

77 1932 130 1978 sit
172 1933 317 1995 ipsum
350 1945 579 1996 peccatum
603 1932 889 1995 praecedentis
927 1933 1057 1977 etiam
1096 1948 1232 1994 poena
1264 1932 1452 1994 peccati.
1506 1972 1513 1978 .

77 2003 189 2048 Nam
209 2004 382 2048 credere
402 2004 656 2058 mendacio,
684 2014 725 2048 et
751 2020 838 2048 non
868 2002 1043 2048 credere
1073 2002 1273 2055 veritati,
1310 2001 1459 2065 utique

77 2084 307 2136 peccatum
329 2085 404 2122 est.
436 2075 564 2120 Venit
588 2085 733 2119 tamen
769 2075 825 2119 ab
861 2091 908 2119 ea
936 2072 1132 2118 caecitate
1161 2071 1328 2128 cordis,
1354 2089 1456 2134 quae

79 2144 252 2189 occulto
278 2145 447 2203 judicio
478 2145 558 2190 Dei
575 2181 586 2201 ,
613 2144 686 2190 sed
711 2155 854 2189 tamen
888 2148 1006 2203 justo
1025 2180 1035 2199 ,
1058 2143 1189 2187 etiam
1206 2158 1338 2204 poena
1358 2158 1460 2203 pec-

80 2214 166 2259 cati
184 2225 460 2261 monstratur.
493 2214 632 2272 Quale
658 2225 720 2259 est
738 2215 867 2259 etiam
891 2213 1000 2258 illud
1032 2212 1153 2276 quod
1187 2211 1241 2256 ad
1277 2211 1461 2256 Thessa-

80 2284 315 2330 lonicenses
343 2286 496 2331 scribit
526 2285 758 2349 Apostolus
779 2302 790 2329 ε
820 2306 840 2326 «
858 2284 944 2329 Pro
969 2300 1017 2328 eo
1038 2282 1159 2345 quod
1183 2282 1460 2327 dilectionem

82 2376 103 2398 »
121 2355 310 2400 veritatis
333 2372 420 2400 non
440 2366 725 2419 receperunt,
750 2366 798 2400 ut
815 2354 920 2401 salvi
943 2355 1117 2409 fierent,
1146 2363 1188 2398 et
1206 2352 1303 2397 ideo
1322 2352 1464 2397 mittet

83 2446 104 2467 ))
127 2424 211 2471 illis
226 2426 340 2470 Deus
351 2427 644 2489 operationem
654 2426 831 2481 erroris,
857 2435 904 2471 ut
921 2423 1100 2470 credant
1126 2421 1354 2467 mendacio
1374 2421 1408 2468 ⁷.
1439 2443 1460 2463 »

85 2495 198 2542 Ecce
224 2511 356 2558 poena
391 2497 559 2560 peccati
574 2534 585 2553 ,
624 2506 856 2561 peccatum
887 2506 961 2542 est.
1005 2495 1249 2556 Utrumque
1295 2491 1428 2538 claret
1447 2528 1457 2548 ‚

135 2595 312 2633 ¹1sai x1x,
332 2603 382 2633 14.
401 2596 648 2637 —21d.1,x111‚
672 2610 724 2637 17.
738 2615 781 2620 —
798 2596 872 2628 ³1d.
895 2607 982 2634 mxv,
1005 2598 1035 2636 5,
1059 2597 1089 2626 6,
1119 2612 1160 2617 —-
1190 2590 1204 2614 ⁴
1219 2593 1324 2624 Josue.
1340 2603 1384 2632 xr,
1405 2602 1459 2625 20.

87 2666 133 2675 —
145 2648 158 2674 5
175 2652 191 2682 3
206 2654 283 2693 Reg.
299 2662 357 2692 ΧΗ,
381 2654 436 2695 15..
452 2670 496 2682 -ψ
510 2651 525 2677 5
542 2664 559 2684 2
575 2654 678 2687 Pax-al.
693 2665 766 2694 xxv,
782 2664 834 2685 20.
855 2670 897 2679 -·-
917 2651 931 2674 7
953 2663 969 2683 2
990 2651 1101 2684 Thess.
1121 2661 1155 2689 n,
1177 2659 1224 2679 10-
