1843 3190
338 249 398 318 30
759 269 793 300 s,
836 268 1082 299 mensum
1118 265 1324 298 EPISCOPI

337 326 358 381 ᾧ)
376 346 502 402 putat
538 352 579 399 se
598 333 803 382 fiduciam
832 333 1020 390 habere,
1057 333 1190 393 magis
1228 351 1304 393 ego
1331 332 1364 380 1.
1401 354 1421 375 ›>
1449 334 1504 379 Et
1532 348 1712 380 enume*

335 426 433 455 rans
453 407 597 454 onmia
617 420 715 469 quae
747 404 985 450 secundum
1011 421 1182 449 carnem
1209 404 1376 449 habent
1405 404 1585 464 gloriam
1602 443 1614 462 ,
1658 405 1713 451 ad

336 479 448 526 illud
470 476 738 529 terminavit,
770 475 848 520 ubi
868 476 926 520 ait
955 492 965 518 :
992 496 1012 515 «
1042 474 1292 519 Secundum
1312 475 1522 534 justitiam
1546 493 1644 538 quae
1667 476 1713 520 in

338 571 360 594 >›
384 550 475 609 lege
494 558 572 602 est',
595 547 672 611 qui
693 545 848 592 fuerim
873 545 961 589 sine
976 544 1151 608 querela
1169 545 1202 591 ².
1235 566 1254 586 >³
1279 547 1335 589 Et
1367 562 1467 590 cum
1503 545 1601 591 haec
1630 546 1713 591 sibi

338 620 515 666 omnino
540 617 698 662 damna
734 626 776 660 et
803 615 1061 660 detrimenta
1091 625 1132 658 et
1153 625 1340 660 stercora
1363 614 1491 660 fuisse
1515 615 1708 670 dixisset,

339 701 388 736 ut
412 688 638 734 Christum
674 685 966 739 lucrifaceret,
995 684 1153 743 adjecit
1190 685 1304 730 unde
1323 685 1463 744 agitur
1487 703 1496 730 :
1520 707 1539 727 «
1568 687 1624 730 Et
1643 685 1715 730 in-

338 782 359 803 »
375 759 522 806 veniar
544 759 590 803 in
608 757 681 802 illo
707 773 793 801 non
819 755 988 800 hahens
1010 755 1223 814 justitiam
1263 772 1421 810 meam,
1444 772 1543 818 quae
1561 755 1715 815 exlege

338 851 361 872 2)
379 839 458 884 est,
474 828 547 873 sed
568 834 661 872 eam
681 842 780 888 quae
793 835 854 869 est
868 842 946 887 per
959 824 1089 868 fidem
1109 824 1291 877 Christi,
1308 841 1405 886 quae
1416 835 1475 869 cst
1489 843 1534 870 ex
1549 824 1677 871 Deoss.
1696 846 1716 866 »

338 900 479 958 HuJ'us
521 904 620 955 ergo
639 894 818 955 justitiae
842 893 1152 956 perfectionem
1173 930 1184 947 ,
1213 909 1312 956 quae
1346 910 1435 938 non
1457 895 1537 938 erit
1560 894 1639 939 nisi
1666 894 1712 939 in

336 967 410 1023 illa
433 964 638 1012 eminenti
678 963 855 1008 scientia
887 963 1076 1017 Christi,
1117 973 1302 1024 propter
1337 979 1467 1025 quam
1493 963 1575 1008 sibi
1610 963 1716 1008 dixit

339 1036 484 1082 onmia
503 1035 713 1081 damnum
735 1049 838 1088 esse,
874 1032 1071 1077 nondum
1093 1048 1134 1076 se
1160 1032 1373 1095 accepisse
1401 1032 1616 1077 confessus
1633 1042 1725 1089 est,

339 1117 382 1152 et
405 1115 634 1170 propterea
657 1103 853 1148 nondum
893 1119 979 1148 esse
1009 1102 1265 1165 perfectum.
1301 1124 1320 1143 «
1348 1102 1513 1166 Sequor
1541 1110 1711 1159 autem,

341 1198 362 1219 »
384 1176 542 1238 inquit,
569 1175 602 1219 si
627 1172 975 1236 apprehendam,
1001 1173 1043 1217 in
1065 1190 1152 1235 quo
1171 1184 1212 1218 et
1235 1172 1532 1235 apprehensus
1575 1191 1669 1219 sum
1692 1192 1717 1219 a

340 1267 362 1289 2>
388 1245 561 1292 Christo
590 1245 691 1288 Jesu
712 1242 745 1289 4.
770 1264 789 1284 >2
810 1242 914 1287 Tale
937 1253 1015 1297 est,
1041 1243 1368 1305 apprehendam
1400 1243 1445 1287 in
1471 1260 1558 1306 quo
1573 1253 1612 1288 et
1634 1261 1716 1306 ap·-

339 1315 578 1379 prehensus
602 1330 694 1358 sum
718 1330 728 1357 ε
757 1312 883 1375 quale
902 1323 981 1365 est,
1027 1329 1286 1371 cognoscam
1321 1313 1432 1358 sicut
1451 1323 1492 1357 et
1515 1313 1715 1373 cognitus

341 1402 433 1430 sum
451 1385 483 1431 5,
516 1406 535 1425 (ι
559 1385 744 1438 Fratres,
776 1383 936 1446 inquit,
955 1398 1032 1441 ego
1053 1399 1120 1427 me
1156 1383 1298 1445 ipsum
1320 1400 1406 1427 non
1425 1383 1613 1428 arbitror
1633 1401 1717 1446 ap-

339 1475 360 1498 »
382 1453 660 1518 prehendisse
685 1470 694 1497 z
723 1469 858 1497 unum
882 1462 1040 1506 autem,
1068 1470 1167 1515 quae
1198 1464 1311 1498 retro
1338 1464 1437 1498 sunt
1469 1453 1648 1509 oblitus,
1670 1454 1717 1499 in

338 1541 426 1569 »ea
449 1540 548 1587 quae
574 1533 671 1568 ante
696 1532 795 1567 sunt
819 1532 1012 1567 extentus
1029 1559 1040 1578 ,
1080 1522 1317 1568 secundum
1343 1523 1628 1569 intentionem
1650 1541 1716 1569 se-

338 1611 492 1658 »quor
526 1593 579 1638 ad
613 1592 807 1655 palmam
840 1609 1041 1654 supernae
1077 1593 1318 1638 vocationis
1352 1593 1433 1638 Dei
1463 1593 1508 1638 in
1541 1593 1716 1639 Christo

339 1687 361 1708 »
385 1663 537 1709 .]65116.
583 1684 604 1704 ›>
631 1661 755 1707 Ordo
795 1663 1028 1707 verborum
1055 1673 1147 1717 est,
1190 1663 1334 1707 Unum
1362 1673 1506 1707 autem
1541 1680 1709 1726 sequor.

339 1736 403 1780 De
440 1750 527 1796 quo
562 1749 648 1778 uno
682 1732 791 1776 bene
830 1732 1084 1792 intelligitur
1120 1743 1160 1778 et
1210 1733 1420 1778 Dominus
1445 1732 1717 1780 admonuisse

338 1805 587 1860 Martham,
623 1803 700 1848 ubi
735 1803 832 1847 ait:
880 1825 899 1843 c<
935 1803 1110 1848 ‘Martha
1131 1841 1143 1860 ,
1178 1804 1383 1859 Martha,
1424 1803 1606 1849 sollicita
1646 1822 1712 1862 eS,

338 1897 360 1919 »
383 1886 425 1921 et
456 1872 642 1919 turbaris
675 1872 790 1917 circa
830 1872 1042 1936 plurima;
1086 1891 1218 1936 porro
1256 1891 1392 1918 unum
1429 1884 1489 1918 est
1520 1891 1718 1919 necessa-

337 1969 359 1990 »
385 1944 547 1991 rium7.
570 1965 589 1985 n
615 1943 709 1987 Hoc
724 1943 801 1988 iste
824 1943 968 1989 volens
982 1944 1327 2006 apprehendere,
1356 1955 1562 2007 tanquam
1585 1945 1629 1990 in
1650 1945 1717 1991 via

339 2016 615 2065 constitutus,
643 2013 762 2074 sequi
787 2029 828 2057 se
847 2013 1020 2058 dixitad
1039 2014 1231 2076 palmam
1257 2031 1457 2077 supernae
1478 2008 1718 2060 vocationis

336 2085 419 2131 Dei
442 2085 488 2129 in
527 2082 702 2127 Christo
737 2085 851 2128 Jesu.
895 2084 1003 2138 Quis
1042 2094 1182 2128 autem
1216 2095 1463 2140 cunctetur,
1507 2101 1607 2129 cum
1627 2085 1716 2130 hoc

339 2154 458 2219 quod
481 2153 600 2215 sequi
631 2168 672 2196 se
708 2164 916 2197 asseverat
942 2153 1297 2216 apprehenderit,
1335 2165 1441 2199 tunc
1458 2154 1717 2199 habiturum

340 2243 438 2272 eum
464 2223 676 2283 justitiam
706 2223 916 2285 aeqnalem
939 2224 1118 2282 justitiae
1149 2235 1397 2270 sanctorum
1424 2224 1712 2284 Angelorum,

340 2310 526 2359 quorum
551 2291 764 2336 neminem
793 2292 942 2354 utique
976 2311 1030 2338 ne
1063 2293 1361 2352 magnitudine
1405 2294 1717 2340 revelationum

339 2363 591 2415 extollatur,
623 2361 792 2405 Satanae
825 2362 997 2420 angelus
1035 2362 1341 2424 colaphizat&
1373 2362 1535 2407 Deinde
1562 2363 1716 2410 admo-

343 2451 447 2481 nens
466 2450 534 2477 eos
549 2432 624 2494 qui
642 2441 812 2493 possent
827 2431 941 2476 illins
960 2433 1140 2491 justitiae
1164 2432 1435 2494 plenitudine
1451 2437 1540 2492 jam
1568 2443 1609 2478 se
1628 2450 1717 2497 pu-

389 2534 401 2556 ¹
419 2531 532 2574 Philip.
556 2541 612 2572 xxx,
636 2536 668 2565 4.
694 2547 741 2553 -—
767 2528 782 2551 ²
808 2530 890 2562 lbid.
911 2533 944 2566 6.
967 2549 1010 2554 -
1029 2529 1042 2554 3
1059 2531 1143 2564 Ibid.
1163 2543 1197 2572 9.
1217 2549 1261 2555 —-
1278 2529 1293 2554 4
1309 2533 1392 2565 Ibid.
1414 2544 1468 2566 12.
1486 2549 1530 2555 —
1548 2530 1562 2554 5
1592 2545 1605 2564 1
1635 2535 1714 2571 Cor.

342 2600 416 2634 xm,
437 2599 489 2622 12.
509 2603 552 2612 --
570 2582 585 2607 ⁶
603 2583 722 2629 Philip.
750 2595 801 2624 111,
835 2587 888 2629 13,
913 2592 964 2625 τῇ.
981 2604 1025 2611 —-
1057 2585 1071 2609 ⁷
1089 2588 1164 2620 Luc.
1182 2597 1214 2627 x,
1233 2594 1287 2626 41.
1305 2606 1350 2614 -—
1370 2585 1384 2612 3
1401 2599 1418 2620 2
1439 2590 1512 2622 Cur.
1539 2599 1601 2634 ΧΠ,
1620 2601 1653 2631 7,
