1843 3190
190 263 365 296 CONTRA
398 263 627 310 11111111111111Ἴ
661 263 967 309 ΡΕῖᾼθιΔΝυΜ,
1005 265 1093 296 Lm.
1136 265 1196 297 ιν.
1272 265 1357 317 291

0 332 112 393 enim
130 342 178 378 ut
203 333 319 378 Deus
341 329 394 376 de
408 328 526 391 ligno
536 329 654 376 bono
676 330 936 394 cuicumque
958 331 1074 389 aetati
1092 331 1267 390 illorum,
1286 331 1368 385 hQ-

0 404 167 450 minum
192 417 470 468 quocumque
510 411 704 464 tempore
728 400 991 458 beneficium
1021 401 1103 461 tale
1135 400 1366 466 conferret,

0 484 51 520 ut
71 471 317 519 haberent
306 490 352 518 111
376 471 580 517 membris
602 471 890 518 adversariam
913 482 1066 527 contra
1088 489 1221 546 quam
1236 471 1375 537 pudi-

2 544 105 591 citia
127 543 367 589 dimicaret.

69 614 226 661 LXIV.
264 614 474 661 Novimus
512 623 654 659 autem
686 613 939 661 «Joannem
980 614 1252 679 apostolum,
1286 635 1377 680 non

4 683 220 739 mundum
246 684 394 741 istum,
422 683 469 729 id
498 693 578 739 est,
606 682 767 729 coelum
785 693 825 728 et
844 683 1021 738 terramss
1047 696 1089 732 et
1108 686 1254 745 omnia
1277 704 1378 751 quae

6 756 53 802 in
86 772 134 801 eo
160 755 503 806 substantialiter
522 764 639 810 sunt,
671 754 748 818 qui
773 753 964 815 mundus
989 753 1129 810 factus
1164 769 1226 807 est
1246 775 1270 814 a
1294 756 1383 821 Pa-

8 836 73 871 tre
91 843 168 889 per
183 826 357 881 Filium,
377 824 720 889 reprehendisse,
745 841 846 870 cum
861 824 1046 877 diceret:
1070 848 1090 868 «
1105 828 1264 882 Omnia
1286 846 1386 894 quae

10 918 32 939 »
50 899 95 942 in
118 896 285 942 mundo
311 906 430 952 sunt,
455 896 808 959 concupiscentia
830 897 971 942 carnis
990 907 1067 954 est,
1089 909 1131 944 et
1150 901 1388 964 concupis-

14 989 35 1010 »
51 968 192 1014 centia
212 968 456 1023 oculorum,
473 978 515 1013 et
531 967 712 1012 ambitio
733 967 897 1023 saeculi,
914 984 1014 1031 quae
1028 981 1192 1018 nonest
1204 988 1227 1016 a
1239 973 1385 1029 Patre,

13 1060 35 1082 >³
54 1038 127 1084 sed
154 1055 201 1084 ex
215 1038 381 1083 mundo
407 1048 467 1083 est
486 1038 520 1085 1.
547 1038 796 1083 »Novimus
833 1038 951 1094 haec,
978 1034 1079 1085 nolo
1114 1057 1192 1091 nos
1216 1041 1384 1096 doceas.

17 1109 104 1154 Sed
128 1125 260 1172 quam
283 1130 302 1149 α
321 1108 732 1172 Concupiscentiam
771 1108 910 1154 carnis
936 1108 1090 1165 dixerit
1110 1128 1133 1156 a
1157 1111 1286 1158 Patre
1306 1130 1395 1170 nqn

18 1197 128 1237 esse,
179 1191 227 1226 tu
267 1179 414 1227 volens
463 1196 672 1242 exponere
693 1216 704 1236 ,
757 1200 779 1221 «
804 1178 1021 1236 luxuriam
1068 1181 1399 1242 intelligendam

20 1268 106 1296 esse
129 1271 148 1292 n
165 1249 322 1296 dixisti.
354 1249 438 1295 Sed
457 1266 557 1295 cum
578 1249 654 1294 abs
672 1259 711 1294 te
733 1266 903 1316 quaero,
933 1250 1005 1296 cui
1031 1253 1325 1312 consentiatur
1351 1264 1401 1310 ut

21 1322 75 1367 sit
93 1321 280 1377 luxuria,
297 1320 365 1366 vel
384 1320 456 1366 cui
476 1331 742 1385 repugnetur
754 1331 801 1371 ut
821 1338 909 1367 non
922 1321 992 1378 sit,
1008 1332 1083 1377 tua
1099 1323 1179 1371 tibi
1200 1335 1400 1388 suscepta

21 1392 212 1438 occurrit
235 1391 281 1437 in
303 1390 487 1445 faciem3
520 1402 670 1443 utrum
703 1391 849 1447 adhuc
881 1391 1120 1450 laudanda,
1152 1404 1199 1440 tu
1221 1394 1398 1452 videris,

21 1462 93 1508 cui
116 1462 355 1512 conseutire
372 1461 540 1508 luxuria
558 1473 637 1518 est,
656 1462 727 1508 cui
744 1474 1006 1526 repugnaret
1023 1464 1293 1523 continentia
1315 1477 1393 1520 θεῖ.

22 1533 110 1578 Ubi
135 1533 269 1579 miror
291 1533 325 1578 si
349 1531 559 1578 deliberas
577 1570 587 1589 ‚
622 1543 770 1578 utrum
794 1550 893 1588 eam,
933 1534 1069 1594 magis
1103 1534 1260 1582 debeas
1301 1553 1403 1591 ‚cum

22 1603 195 1650 luxuria
212 1605 474 1668 vituperare,
490 1621 589 1668 quae
602 1605 652 1650 fit
672 1622 752 1668 per
765 1608 856 1664 ejus
875 1622 1119 1660 assensum;
1141 1625 1195 1666 an
1205 1624 1298 1662 eam
1312 1607 1406 1661 lau-

23 1675 126 1721 dare
155 1693 255 1721 cum
289 1676 555 1721 continentia
572 1712 582 1732 ‚
611 1692 711 1740 quae
739 1675 804 1721 illi
829 1675 985 1736 ingerit
1010 1676 1207 1740 bellum,
1245 1678 1292 1724 in
1316 1695 1404 1742 quo

22 1746 137 1792 bello
160 1746 375 1811 pudicitia
407 1758 469 1793 est
488 1747 671 1794 victoria
695 1747 975 1793 continentiae
991 1785 1002 1804 ‚
1029 1747 1199 1794 luxuria
1224 1749 1406 1801 victoria

24 1817 407 1880 concupiscentiae.
434 1819 503 1864 Tu
527 1827 671 1863 autem
694 1816 826 1876 judex
844 1817 1127 1881 incorruptus
1148 1829 1278 1883 atque
1299 1820 1408 1879 inte-

25 1903 114 1946 ger,
140 1903 240 1932 cum
260 1887 408 1933 laudes
439 1888 767 1944 continentiam,
817 1888 1124 1952 vituperesque
1153 1889 1401 1948 luxuriam:

25 1958 86 2003 sic
115 1969 259 2004 tamen
297 1959 458 2023 accipis
484 1976 712 2023 personam
743 1958 1132 2022 concupiscentiae,
1175 1961 1333 2024 (quam
1359 1972 1405 2008 tu

24 2028 183 2075 videris
206 2047 284 2076 cur
304 2029 518 2076 offendere
538 2030 684 2075 timeas
700 2030 734 2093 ),
761 2039 809 2075 ut
830 2047 924 2080 eam
942 2048 1030 2076 non
1053 2031 1280 2077 erubescas
1301 2049 1402 2091 cum

25 2116 100 2145 sua
129 2099 306 2146 laudare
345 2100 606 2156 adversaria,
636 2117 715 2145 nec
741 2099 898 2145 audeas
919 2118 1020 2150 cum
1044 2118 1120 2148 sua
1154 2102 1404 2166 vituperare

25 2173 221 2221 victoria.
256 2172 340 2219 Sed
360 2172 473 2218 absit
495 2182 543 2217 ut
559 2171 746 2234 quilibet
761 2171 896 2217 homo
921 2172 1002 2218 Dei
1026 2174 1086 2219 sic
1112 2184 1150 2218 te
1172 2174 1321 2226 audiat
1338 2175 1404 2221 vi-

27 2233 322 2308 tuperatorem
353 2242 554 2299 luxuriae,
594 2252 644 2287 ut
670 2243 888 2306 approbet
910 2244 1278 2308 concupiscentiae
1305 2244 1406 2299 lau-

27 2317 246 2369 datorem;
273 2324 370 2361 etex
386 2325 459 2359 tuo
483 2330 676 2359 sermone
691 2313 927 2364 arbitretur
948 2314 1136 2372 bonum,
1158 2315 1312 2379 quod
1301 2334 1347 2372 in
1365 2334 1407 2369 se

24 2387 122 2454 ipso
156 2386 371 2450 experitur
406 2384 583 2430 malum.
629 2384 827 2447 Denique
865 2386 942 2449 qui
983 2386 1399 2450 concupiscentiam,

24 2457 160 2522 quam
178 2474 311 2521 prave
326 2455 495 2510 laudas,
520 2454 795 2514 confligendo
819 2452 996 2510 vicerit3
1014 2457 1246 2514 luxuriam,
1269 2476 1401 2519 quam

28 2531 402 2596 rectevituperas‚
444 2544 532 2573 non
553 2525 753 2587 habebit.
801 2526 1034 2593 Quomodo
1071 2539 1215 2576 autem
1247 2529 1406 2577 Joanni

30 2604 32 2606 Ι
77 2613 243 2646 ¹1J0an.
266 2613 377 2651 11,16‚

1172 2682 1240 2727 19.
