1843 3190
355 322 483 352 LIBER
518 321 573 351 DE
610 320 772 352 GRATIA
805 322 857 353 ΕΤ
891 323 1051 353 maeno
1089 323 1314 356 Aassiraio.
1428 313 1523 376 467

164 397 308 442 autem
331 387 466 447 legem
489 397 773 451 acceperunt3
799 387 895 450 quis
914 388 1068 434 audeat
1093 389 1235 435 dicere
1252 392 1277 436 J
1284 391 1430 437 udaeos
1451 395 1529 456 qui

163 456 207 508 in
229 456 318 516 lege
338 468 540 520 peccant,
560 474 648 503 non
662 474 746 503 esse
760 457 991 520 perituros,
1013 476 1112 504 cum
1134 459 1179 504 in
1198 461 1422 507 Christum
1441 481 1530 509 non

163 526 448 581 crediderint3
474 527 826 590 quandoquidem
848 527 902 573 de
919 529 1002 574 illis
1029 529 1196 577 dictum
1216 542 1277 577 est
1299 549 1308 577 :
1328 553 1348 573 α
1368 533 1451 580 Per
1473 533 1530 589 le-

165 614 292 655 »gem
314 597 666 656 judicabuntur?
685 619 705 640 ›>
729 598 830 646 Sine
854 598 938 653 fide
962 599 1076 644 enim
1097 600 1259 650 Christi
1273 619 1399 648 nemo
1415 603 1530 652 libe-

162 666 249 711 rari
267 677 432 728 potest3
455 684 502 712 ac
522 684 600 729 per
621 667 708 712 hoc
731 667 1187 726 itajudicabunturut
1208 682 1398 733 pereant.
1420 674 1530 719 Nam

164 736 197 780 si
219 740 341 798 pejor
368 747 429 781 est
453 736 644 782 conditio
682 737 962 782 nescientium
986 755 1114 801 quarn
1141 740 1366 788 scientium
1396 742 1530 801 legem

165 806 263 861 Dei,
297 806 516 868 quomodo
540 823 689 851 verum
712 807 792 851 erit
824 806 943 870 quod
982 808 1192 853 Dominus
1218 809 1262 855 in
1300 811 1534 871 Evangelio

167 876 225 920 ait
252 894 262 920 ε
294 897 313 917 «
339 877 495 923 Servus
513 877 588 939 qui
606 877 741 922 nescit
759 876 1020 924 voluntatem
1061 878 1226 927 domini
1250 880 1341 937 sui,
1368 892 1408 926 et
1433 880 1538 929 facit

167 967 187 987 ›)
199 945 327 1005 digna
339 946 494 1013 plagis,
515 946 744 1009 vapulabit
766 964 929 1009 pauca;
950 965 1093 996 servus
1113 959 1254 996 autem
1275 951 1350 1013 qui
1369 952 1445 996 scit
1466 968 1539 1004 vo-

168 1016 419 1066 »luntatem
452 1016 618 1065 domini
637 1017 702 1064 sui
722 1054 733 1069 ,
758 1027 798 1062 et
818 1017 922 1063 facit
952 1018 1083 1078 digna
1113 1019 1279 1082 plagis,
1310 1022 1539 1084 vapulabit

167 1108 188 1128 »
209 1086 346 1140 multa
371 1086 416 1132 1?
439 1110 456 1127 ›>
473 1089 583 1135 Ecce
613 1088 691 1134 ubi
715 1088 901 1133 ostendit
919 1090 1088 1148 gravius
1110 1107 1290 1153 peccare
1314 1086 1537 1147 hominem

168 1157 371 1210 scientem
396 1175 526 1223 quam
550 1159 822 1206 nescientem.
855 1159 944 1203 »Nec
969 1170 1111 1206 tamen
1149 1161 1245 1205 ideo
1282 1162 1540 1221 confugien-

169 1227 275 1277 dum
292 1239 353 1273 est
373 1228 427 1275 ad
440 1229 697 1288 ignorantiae
713 1228 927 1283 tenebras,
950 1239 997 1273 ut
1017 1229 1061 1275 in
1077 1230 1135 1275 eis
1153 1230 1336 1293 quisque
1353 1233 1542 1294 requirat

169 1298 497 1346 excusationem.
519 1298 650 1345 Aliud
665 1308 725 1343 est
739 1298 852 1346 enim
869 1299 1067 1354 nescisse,
1088 1300 1204 1346 aliud
1218 1302 1324 1348 scire
1337 1301 1537 1348 noluisse.

169 1368 380 1413 Voluntas
411 1368 578 1431 quippe
599 1368 643 1420 in
667 1385 716 1413 eo
748 1368 960 1427 arguitur,
989 1368 1040 1413 de
1069 1386 1156 1431 quo
1177 1369 1341 1416 dicitur
1366 1389 1375 1415 ε
1406 1393 1426 1413 α
1449 1373 1545 1422 No—

171 1437 290 1493 »luit
315 1438 552 1498 intelligere
578 1449 625 1484 ut
648 1438 759 1485 bene
780 1448 922 1496 ageret
945 1438 978 1484 2.
998 1459 1017 1480 2>
1044 1438 1127 1484 Sed
1146 1449 1186 1485 et
1209 1439 1282 1485 illa
1304 1440 1545 1500 ignorantia

173 1526 270 1573 quae
287 1526 373 1554 non
395 1519 456 1554 est
473 1526 620 1559 eorum
642 1508 717 1571 qui
740 1508 847 1553 scire
874 1508 1046 1564 nolunt,
1070 1509 1143 1554 sed
1174 1526 1325 1557 eorum
1347 1512 1424 1574 qui
1443 1523 1544 1558 tan-

171 1595 302 1643 quam
321 1578 577 1643 simpliciter
594 1577 809 1633 nesciunt,
834 1578 1047 1624 neminem
1067 1579 1128 1624 sic
1151 1591 1339 1636 excusat,
1362 1592 1410 1627 ut
1433 1600 1547 1629 sem-

171 1649 342 1712 piterno
364 1648 460 1708 igne
491 1665 578 1696 non
601 1647 765 1703 ardeat,
792 1647 824 1692 si
847 1659 1077 1710 propterea
1108 1666 1195 1695 non
1217 1651 1418 1707 credidit,
1446 1653 1548 1715 quia

171 1714 259 1767 non
282 1719 447 1764 audivit
471 1719 647 1764 omnino
673 1718 779 1781 quid
799 1718 1018 1772 crederem
1049 1719 1122 1764 sed
1139 1719 1316 1767 fortasse
1330 1734 1377 1767 ut
1401 1724 1548 1771 mitius

173 1789 335 1837 ardeat.
363 1791 463 1835 Non
492 1790 605 1835 enini
626 1789 714 1834 sine
736 1806 864 1834 causa
882 1788 1047 1835 dictum
1073 1801 1134 1835 est
1155 1808 1166 1835 t
1188 1813 1205 1831 «
1231 1792 1416 1838 Effunde
1435 1794 1546 1839 iram

174 1871 324 1905 »tuam
344 1861 387 1905 in
409 1871 552 1921 gentes
563 1877 660 1922 quae
674 1870 714 1904 te
738 1876 821 1904 non
844 1859 1101 1906 noverunt3.
1124 1882 1142 1901 n
1160 1861 1212 1905 Et
1233 1862 1339 1908 illud
1356 1863 1473 1926 quod
1490 1863 1549 1911 ait

176 1931 425 1994 Apostolus,
449 1955 466 1972 υ
485 1933 595 1977 Cum
613 1930 777 1976 venerit
799 1931 843 1975 in
860 1930 1032 1976 flamma
1058 1931 1167 1990 ignis
1185 1932 1286 1978 dare
1307 1934 1547 1984 vindictam

175 2002 253 2059 »in
266 2020 352 2058 eos,
371 2002 447 2066 qui
465 2002 666 2061 ignorant
681 2003 819 2046 Deum
831 2000 864 2046 4.
890 2022 910 2041 ›>
931 2001 1235 2047 Verumtamen
1248 2014 1294 2048 ut
1308 2001 1548 2052 habeamus

175 2083 217 2125 et
242 2072 378 2136 ipsam
399 2071 639 2129 sciemiam,
666 2088 720 2116 ne
745 2070 865 2117 dicat
899 2071 1208 2134 unusquisque,
1248 2074 1435 2131 Nescivi‚
1461 2093 1550 2126 non

177 2142 342 2199 audivi,
363 2159 450 2189 non
481 2141 694 2193 intellexi3
720 2140 920 2189 voluntas
943 2141 1200 2187 convenitur
1241 2142 1432 2191 humana
1469 2146 1548 2195 ubi

178 2211 338 2269 dicitur
365 2229 376 2256 :
400 2232 420 2251 α
437 2211 578 2256 'Nolite
598 2227 681 2256 esse
697 2211 808 2255 sicut
823 2227 957 2273 equus
970 2211 1181 2266 etmulus,
1198 2213 1358 2275 quibus
1381 2233 1467 2261 non
1488 2227 1550 2262 est

180 2304 200 2324 >³
221 2282 464 2328 intellectus
485 2290 520 2326 'z
541 2303 559 2322 2>
579 2281 776 2344 quamvis
800 2284 921 2343 pejor
944 2293 1172 2344 appareat,
1201 2283 1253 2328 de
1275 2301 1362 2346 quo
1385 2285 1553 2335 dictum

179 2346 240 2408 est
262 2370 273 2397 :
299 2373 319 2402 ς(
346 2352 498 2397 Verbis
520 2368 608 2396 non
628 2350 932 2400 emendabitur
954 2368 1100 2397 servus
1124 2351 1284 2407 duru53
1305 2355 1339 2399 si
1357 2355 1470 2403 enim
1488 2356 1552 2404 inf

182 2445 203 2466 »
223 2421 437 2478 tellexerit,
463 2439 551 2466 non
569 2420 777 2467 obaudiet
794 2421 827 2467 ⁶.
857 2441 877 2463 >2
903 2421 1090 2477 Quando
1113 2433 1255 2473 autem
1276 2422 1383 2471 dicit
1399 2425 1550 2485 homo,

182 2494 281 2551 Non
298 2510 475 2562 possum
492 2492 632 2543 facere
658 2492 778 2556 quod
797 2492 1074 2556 praecipitur,
1098 2494 1305 2556 quoniam
1326 2496 1555 2558 concupi&

230 2594 242 2616 1
257 2595 334 2635 Lug.
350 2603 410 2634 xii,
426 2594 466 2629 48
483 2598 514 2623 et
532 2598 637 2631 47-—-
656 2589 673 2612 2
689 2592 770 2625 Psal.
791 2602 888 2633 xxxv,
910 2597 940 2628 4.
957 2609 1001 2615 -—
1019 2590 1033 2614 3
1048 2592 1243 2631 {damn-211,
1261 2595 1294 2624 6.
1312 2612 1355 2618 --
1377 2592 1393 2616 ⁴
1407 2605 1425 2626 2
1442 2594 1555 2629 Thess.

188 2661 217 2690 1,
235 2652 266 2682 8.
289 2667 330 2674 —-
350 2647 364 2672 5
378 2649 458 2682 Psal.
483 2658 579 2688 xxm,
599 2660 629 2688 9.
652 2663 696 2670 --
714 2645 729 2668 6
744 2650 839 2679 Prov.
858 2658 948 2687 xxxx,
971 2658 1022 2690 ¹9·

1326 2704 1398 2749 30.
