1843 3190
337 324 422 370 192
761 320 798 351 S·
839 317 1082 351 AUGUSTINI
1117 318 1320 350 EPISCOPI

332 397 514 433 testante
534 385 609 449 qui
638 384 745 431 dicit
767 402 777 429 :
802 405 822 425 α
843 384 980 444 Igitur
1011 384 1118 430 fides
1137 402 1184 430 ex
1204 383 1401 431 auditu1.
1430 403 1451 426 >³
1473 387 1497 430 J
1502 401 1570 429 am
1603 401 1705 430 vero

334 459 430 522 quis
453 458 586 513 ferat,
623 455 743 518 quod
776 455 829 500 ad
854 456 997 518 ipsum
1022 466 1188 519 spectat
1223 455 1442 510 animum,
1473 455 1706 515 imaginem

337 529 417 576 Dei
433 549 453 569 a
478 525 743 571 innocentiae
758 563 768 581 ‚
807 525 918 571 sicut
952 527 1120 582 asseris,
1159 526 1259 571 dote
1283 524 1543 588 locupletem
1559 562 1570 581 ‚
1594 546 1613 566 ›>
1638 525 1707 570 fa—

342 609 461 643 tuam
480 595 596 641 nasci
614 632 625 651 ‚
648 595 682 640 si
702 594 820 640 nulla
841 612 885 640 ex
904 595 1160 658 parentibus
1177 595 1290 640 mala
1309 595 1460 639 merita
1478 594 1521 639 in
1543 610 1708 656 parvu-

339 668 403 714 los
425 668 681 712 transeunt?
717 666 783 710 An
821 665 878 709 ita
909 675 970 710 est
1004 665 1233 728 quisquam
1255 674 1445 710 vestrum
1469 663 1634 718 fatuus,
1661 673 1710 709 ut

343 739 587 784 fatuitatem
610 735 780 781 nullum
803 735 965 780 malum
992 746 1143 798 putet3
1181 753 1280 781 cum
1305 735 1529 798 Scriptura
1557 734 1674 780 dicat
1695 751 1705 778 :

339 831 359 851 «
386 811 609 854 Mortuum
627 816 789 868 septem
809 805 1007 860 diebus2,
1024 805 1192 850 fatuum
1213 822 1314 852 vero
1333 805 1536 850 omnibus
1555 804 1711 849 diebus

339 901 358 921 2>
383 895 467 923 esse
479 875 748 935 lugendum?³
771 896 791 916 >2
817 874 924 930 Quis
949 885 1092 919 autem
1111 874 1300 929 nesciat,
1328 891 1437 937 quos
1459 874 1590 933 vulgo
1613 890 1712 918 mo-

339 950 479 995 riones
501 955 686 1000 vocant,
723 955 876 989 natura
908 945 968 989 ita
990 943 1158 1001 fatuos,
1193 955 1240 990 ut
1272 944 1536 1007 quibusdam
1561 961 1711 989 eorum

342 1036 451 1084 pene
475 1033 620 1063 sensus
640 1032 850 1079 pecorum
871 1015 1143 1061 conferatur?
1167 1017 1223 1060 Et
1241 1032 1329 1060 non
1346 1015 1478 1061 vultis
1496 1015 1617 1061 fateri
1638 1032 1712 1075 ge-

340 1108 421 1136 nus
441 1090 685 1135 humanum
706 1103 752 1131 ex
770 1085 893 1131 initio
910 1103 996 1148 quo
1019 1085 1205 1131 deseruit
1226 1088 1362 1131 Deum
1378 1122 1388 1141 ‚
1409 1085 1579 1130 trahere
1593 1085 1712 1130 dam-

339 1171 454 1208 natae
483 1157 658 1217 originis
690 1173 844 1202 noxam
879 1156 948 1201 his
982 1157 1185 1202 omnibus
1216 1156 1510 1216 dignissimam
1539 1155 1709 1219 poeniS,

339 1231 422 1277 nisi
445 1229 523 1275 ubi
544 1227 687 1291 parcit
715 1227 879 1272 ratione
903 1226 1195 1290 dispositionis
1219 1226 1405 1272 occultae
1421 1225 1714 1271 inscrutabilis

341 1300 550 1366 sapientia
583 1297 845 1344 conditoris.
887 1298 976 1354 Qui
1011 1316 1090 1344 nec
1129 1298 1182 1343 ab
1221 1298 1314 1361 ipsa
1350 1298 1546 1342 universa
1578 1313 1716 1341 massa

341 1369 596 1437 perditionis
612 1369 799 1414 abstinet
823 1369 889 1414 sui
913 1370 1056 1432 operis
1078 1369 1243 1414 bonum
1269 1386 1279 1413 :
1309 1378 1417 1413 utex
1440 1367 1561 1412 malis
1583 1367 1716 1413 vitio-

341 1460 440 1488 rum
466 1440 655 1495 condat,
680 1438 782 1483 licet
808 1455 907 1483 cum
926 1439 1072 1494 malis,
1100 1440 1143 1484 in
1163 1448 1374 1500 quantum
1395 1438 1512 1482 hona
1528 1447 1614 1492 est,
1640 1453 1715 1481 ra-
1779 1453 1782 1457 ·

342 1511 548 1557 tionalem
575 1507 888 1570 mortalemque
910 1519 1111 1553 naturam
1127 1545 1138 1563 ,
1167 1512 1290 1567 cujtls
1319 1525 1445 1552 nemo
1467 1524 1552 1552 esse
1574 1516 1716 1570 potest

343 1581 561 1636 conditor,
583 1589 742 1643 praetcr
762 1578 929 1641 ipsum3
949 1589 991 1623 et
1009 1579 1053 1623 in
1075 1579 1346 1638 generatione
1361 1577 1587 1632 damnata;
1605 1593 1717 1640 prae-

341 1652 444 1698 beat
466 1650 575 1697 vasis
601 1648 908 1694 misericordiae
934 1649 1263 1708 regenerationis
1287 1648 1506 1694 auxilium.

408 1723 488 1768 XI.
529 1724 703 1765 Frustra
724 1719 868 1782 itaque
884 1729 1036 1781 putas,
1064 1740 1084 1759 «
1106 1718 1208 1764 Ideo
1232 1719 1277 1763 in
1297 1717 1490 1781 parvulis
1517 1733 1605 1761 non
1631 1733 1718 1761 esse

346 1793 553 1840 delictum
568 1828 579 1848 ‚
605 1790 708 1854 quia
729 1789 818 1834 sine
840 1789 1083 1846 voluntate,
1105 1806 1205 1852 quae
1228 1789 1272 1834 in
1298 1789 1356 1835 eis
1381 1788 1499 1834 nulla
1521 1798 1610 1843 est,
1632 1804 1718 1833 esse

346 1881 436 1909 non
459 1872 615 1926 potest.
640 1881 660 1901 »
684 1859 780 1904 Hoc
803 1859 918 1905 enim
949 1870 1064 1905 recte
1088 1859 1249 1905 dicitur
1278 1870 1459 1922 proptor
1486 1858 1717 1922 proprium

347 1938 557 1998 cujusque
577 1941 805 1995 peccatum
820 1967 831 1986 ‚
855 1948 942 1975 non
968 1941 1145 1994 propter
1168 1931 1299 1994 primi
1322 1930 1490 1993 peccati
1514 1929 1718 1989 originale

346 2004 596 2065 contagium
620 2020 630 2047 t
655 2001 774 2065 quod
802 2002 836 2046 si
866 2000 1035 2046 nullum
1070 2012 1174 2047 essct
1193 2039 1203 2057 ,
1237 2000 1434 2064 profecto
1472 1999 1580 2045 nulli
1606 1999 1718 2045 malo

345 2076 519 2139 parvuli
537 2073 760 2128 obstricti,
779 2071 891 2117 nihil
909 2072 1011 2117 mali
1032 2072 1097 2118 vel
1114 2073 1159 2118 in
1180 2088 1360 2134 corpore
1376 2109 1386 2127 ‚
1405 2071 1471 2116 vel
1490 2074 1535 2116 in
1550 2070 1713 2122 anima,

346 2147 428 2191 sub
453 2142 690 2202 tantajusti
716 2143 794 2187 Dei
825 2153 1037 2204 potestate
1067 2152 1334 2205 paterentur.
1366 2140 1499 2197 Quod
1519 2151 1662 2186 tamen
1679 2149 1720 2185 et

344 2216 489 2279 ipsum
511 2233 533 2260 a
556 2213 667 2259 mala
686 2212 909 2258 voluntate
927 2214 1124 2276 priorum
1149 2212 1381 2258 homiuum
1405 2211 1590 2275 sumpsit
1604 2228 1720 2256 exor-

346 2286 482 2331 dium.
520 2287 585 2329 lta
624 2283 704 2328 nisi
742 2283 942 2328 voluntas
979 2284 1119 2340 maia,
1147 2300 1233 2328 non
1261 2293 1323 2327 est
1348 2286 1604 2344 cujusquam
1634 2280 1721 2326 ulla

347 2357 466 2416 origo
506 2354 688 2418 peccati.
737 2353 845 2398 Haec
883 2353 918 2398 si
952 2354 1119 2416 sapias,
1151 2353 1405 2414 simpliciter
1439 2362 1480 2397 et
1514 2351 1722 2397 veraciter

346 2426 528 2486 gratiam
563 2423 728 2468 Christi
760 2440 858 2482 erga
889 2424 1096 2486 parvulos
1123 2423 1397 2468 confiteberis
1417 2459 1428 2477 ‚
1456 2438 1534 2467 nec
1561 2422 1722 2480 cogeris

341 2512 407 2542 res
434 2494 707 2557 impiissimas
733 2503 860 2556 atque
891 2494 1221 2539 absurdissimas
1256 2493 1398 2538 dicere
1416 2529 1427 2547 ‚
1473 2503 1547 2537 aut
1572 2491 1722 2554 bapti-

343 2565 502 2613 zandos
525 2581 612 2609 non
632 2581 716 2609 esse
736 2563 942 2625 parvulos
958 2601 969 2620 ‚
992 2563 1109 2627 quod
1136 2562 1312 2627 quidem
1340 2572 1487 2626 postea
1511 2561 1608 2608 estis
1627 2560 1721 2608 for-

376 2650 688 2686 ¹R01n.x‚17.-=—-
702 2643 716 2666 2
731 2643 830 2679 Eccli.
849 2646 1004 2684 xxtt,13.
