1843 3190
341 299 356 330 1
368 284 427 338 42
755 289 792 320 s.
832 287 1078 319 mensum
1112 287 1318 319 EPISGOPI

337 358 520 427 epistola
543 372 619 403 sua
642 356 695 401 de
719 353 928 401 Oratione
952 352 1182 399 Dominica
1204 370 1216 398 ι
1244 373 1265 394 α
1288 351 1400 397 Fieri
1431 363 1572 398 autem
1596 353 1714 417 peti·-

340 450 436 480 mus
455 431 721 480 voluntatem
743 425 822 470 Dei
838 425 882 470 in
906 424 1020 470 coelo
1040 435 1082 470 et
1104 425 1149 470 in
1169 435 1281 470 terra
1304 441 1314 468 ε
1337 423 1455 487 quod
1480 435 1714 487 utrumque

343 505 395 554 ad
421 497 838 549 consummationem
861 506 1020 541 nostrae
1041 494 1352 541 incolumitatis
1376 495 1565 557 pertinet
1585 505 1626 539 et
1647 512 1719 539 sa·-

339 577 455 624 lutis.
491 574 603 620 Nam
623 584 724 614 cum
749 582 908 629 corpus
925 582 946 610 e
973 576 1083 611 terra
1100 601 1112 621 ,
1133 576 1176 610 et
1197 565 1399 628 spiritum
1424 564 1720 627 possideamus

341 665 364 693 e
389 645 502 693 coelo
522 680 532 699 ‚
563 639 646 703 ipsi
672 648 782 683 terra
815 646 856 681 et
891 635 1055 681 coelum
1086 652 1260 690 sumuS‚
1299 645 1339 680 et
1365 635 1410 680 in
1436 646 1642 698 utroque,
1677 634 1722 680 id.

346 728 430 773 est,
451 716 495 760 in
512 726 694 774 corpore
713 707 817 752 etin
837 706 993 770 spiritu
1013 743 1023 761 ‚
1046 717 1094 751 ut
1119 705 1197 750 Dei
1217 705 1415 751 voluntas
1434 707 1510 751 fiat
1529 722 1715 752 oramus.

345 789 424 834 Est
448 784 562 831 enim
582 781 694 826 inter
714 794 886 822 carnem
909 787 950 821 et
977 776 1179 838 spiritum
1199 775 1450 825 colluctatio
1467 813 1478 833 ‚
1501 787 1542 821 et
1559 776 1724 821 discor-

347 855 557 903 dantibus
582 849 783 895 adversus
809 863 851 890 se
879 846 1066 890 invicem
1095 846 1350 907 quotidiana
1375 846 1619 906 congressio
1637 883 1649 896 .
1678 855 1725 894 ut

349 944 434 973 noi
459 938 558 987 quae
580 919 781 966 volumus
806 916 900 978 ipsa
929 915 1167 968 faciamus3
1196 915 1302 960 duni
1326 916 1503 979 spiritus
1535 917 1727 965 coelestia

352 1010 394 1045 et
416 995 564 1043 divina
586 989 775 1054 quaerit,
799 1004 900 1033 caro
922 997 1091 1032 terrena
1114 998 1156 1032 et
1180 987 1405 1033 saecularia
1433 988 1721 1052 concupiscit.

354 1071 410 1117 Et
429 1067 526 1114 ideo
546 1062 733 1127 petimus
750 1059 862 1104 inter
884 1057 973 1103 duo
992 1058 1070 1103 ista
1095 1075 1176 1121 ope
1197 1069 1238 1103 et
1259 1058 1413 1105 auxilio
1439 1059 1521 1104 Dei
1541 1075 1729 1105 concor—

354 1139 471 1186 diam
495 1133 588 1181 fieri
606 1170 617 1189 ,
647 1141 695 1176 ut
713 1128 819 1175 dum
843 1139 885 1174 et
903 1128 946 1173 in
968 1128 1123 1192 spiritu
1148 1139 1189 1173 et
1207 1129 1251 1174 in
1279 1146 1408 1174 carne
1431 1129 1631 1174 voluntas
1652 1128 1731 1174 Dei

359 1209 544 1270 geritur,
567 1219 667 1268 quae
689 1217 768 1264 per
793 1217 890 1245 eum
912 1210 1058 1245 renata
1090 1210 1152 1244 est
1186 1199 1326 1245 anima
1359 1211 1565 1247 servetur.
1599 1199 1733 1256 Quo'd

360 1289 505 1344 aperte
523 1286 651 1338 atque
674 1269 897 1320 manifeste
923 1269 1143 1333 apostolus
1162 1270 1324 1316 Paulus
1350 1287 1424 1316 sua
1454 1288 1559 1316 voce
1584 1270 1732 1316 decla-

361 1361 460 1397 rat:
490 1369 510 1389 «
535 1347 648 1391 Caro
667 1379 678 1397 ‚
701 1340 870 1404 inquit,
902 1341 1175 1403 concupiscit
1205 1340 1407 1386 adversus
1438 1341 1636 1404 spiritum
1658 1378 1668 1397 ‚
1693 1351 1736 1385 et

362 1443 384 1464 2>
401 1419 578 1484 spiritus
599 1414 802 1460 adversus
823 1428 995 1456 carnem
1013 1431 1023 1463 ;
1045 1411 1144 1456 haec
1161 1411 1274 1456 enim
1298 1412 1481 1456 invicem
1511 1411 1737 1457 adversan-

361 1502 473 1536 »tur
494 1487 578 1533 sibi
595 1523 606 1541 ,
626 1494 677 1529 ut
699 1499 788 1527 non
811 1498 911 1543 quae
934 1481 1064 1527 vultis
1086 1481 1160 1526 illa
1175 1480 1386 1528 faciatis'l.
1411 1503 1431 1523 »
1455 1481 1564 1527 Vide
1587 1499 1738 1545 quem-

365 1559 602 1609 admodum
620 1556 806 1601 instruat
824 1552 1095 1614 baptizatum
1112 1552 1326 1615 populum
1348 1553 1503 1599 doctor
1516 1554 1708 1613 egregius
1725 1571 1736 1598 :

368 1630 515 1696 (quod
539 1627 592 1673 ad
621 1624 892 1688 baptizatum
917 1622 1031 1668 enim
1055 1623 1270 1686 pertineat
1296 1623 1450 1668 Oratio
1481 1624 1710 1670 Dominica
1726 1661 1737 1680 ‚

365 1703 463 1768 quis
484 1696 758 1745 Christianus
780 1693 1007 1755 ignoret9)
1050 1703 1098 1738 ut
1123 1693 1363 1738 humanam
1395 1693 1740 1739 incolumitatem

367 1773 635 1832 salutemque
662 1775 832 1811 naturae
862 1763 908 1808 in
930 1763 1018 1809 hoc
1053 1780 1138 1808 esse
1162 1762 1405 1823 intelligant
1429 1764 1709 1819 constitutam
1728 1801 1739 1820 ,

368 1860 457 1891 non
473 1851 523 1886 ut
543 1853 642 1883 caro
661 1845 702 1881 et
727 1833 901 1897 spiritus
920 1870 930 1886 ,
957 1843 1165 1896 tanquam
1188 1834 1299 1878 inter
1319 1850 1360 1878 se
1382 1833 1639 1879 naturaliter
1664 1833 1745 1878 ini-

369 1915 510 1967 mica,
541 1909 655 1955 sicut
678 1904 952 1951 Manichaeus
979 1903 1164 1967 desipit,
1191 1916 1473 1967 separentur3
1504 1904 1577 1950 sed
1602 1905 1745 1967 potius

371 1997 577 2047 tanquam
606 1995 654 2023 ex
672 1977 778 2022 vitio
811 1974 1041 2020 discordiae
1065 1985 1209 2020 sanata
1245 1975 1524 2022 concordent.
1565 1976 1662 2021 Hoc
1686 1986 1748 2020 est

373 2056 485 2103 enim
509 2048 686 2097 liberari
709 2065 731 2092 a
757 2063 940 2109 corpore
960 2046 1108 2091 mortis
1130 2046 1287 2105 hujus,
1315 2056 1363 2090 ut
1385 2047 1488 2091 vitae
1505 2047 1580 2091 fiat
1599 2083 1609 2101 ‚
1628 2045 1748 2109 quod

373 2125 505 2173 inodo
526 2136 685 2183 corpus
706 2128 769 2162 est
793 2116 942 2161 mortis
962 2153 972 2170 ‚
996 2116 1088 2177 ipsa
1110 2116 1154 2161 in
1174 2132 1223 2160 eo
1251 2126 1387 2160 morte
1408 2116 1641 2170 moriente3
1664 2117 1748 2161 fine

374 2192 604 2244 discordia?
625 2227 634 2246 ,
655 2206 742 2234 non
762 2197 945 2233 naturae.
975 2186 1100 2231 Unde
1119 2185 1287 2230 dicetur
1305 2186 1432 2231 etiam
1457 2185 1567 2232 illud
1589 2205 1599 2231 ε
1622 2208 1643 2228 «
1663 2186 1749 2230 [bi

376 2278 503 2318 nest,
541 2277 656 2306 mors
676 2296 686 2314 ‚
727 2256 946 2303 contentio
980 2256 1116 2301 tua29
1137 2277 1154 2297 ν
1190 2255 1318 2311 Quod
1357 2272 1444 2300 non
1477 2256 1521 2300 iu
1546 2256 1630 2301 hac
1660 2257 1749 2300 vita

375 2334 527 2403 perfici
548 2370 558 2387 ,
600 2330 716 2375 idem
756 2344 931 2389 quoque
966 2327 1084 2371 testis
1114 2337 1175 2371 est
1217 2328 1384 2387 Blartyr
1411 2326 1455 2370 in
1491 2326 1670 2388 epistola
1697 2326 1750 2371 de

377 2399 701 2457 Mortalitatff,
734 2419 751 2439 t<
772 2397 860 2442 Ubi
889 2396 1132 2459 apostolum
1168 2395 1354 2440 Paulum
1388 2408 1617 2458 propterea
1644 2396 1752 2441 dicit

377 2474 683 2537 concupiscere
707 2467 908 2521 dissolvi,
935 2478 977 2512 et
996 2483 1081 2512 csse
1102 2483 1200 2512 cum
1226 2466 1400 2511 christo
1416 2503 1426 2519 ‚
1453 2478 1500 2512 ut
1518 2467 1751 2527 nullisjam

381 2554 501 2598 fieret
520 2540 708 2607 peccatis
729 2550 770 2582 et
790 2536 902 2581 vitiis
926 2537 1063 2582 carnis
1083 2535 1295 2581 obnoxius
1320 2553 1329 2580 ε
1355 2558 1374 2576 »
1395 2536 1538 2593 Quam
1562 2555 1662 2586 vero
1683 2537 1752 2584 vi-

428 2637 438 2656 1
461 2629 566 2662 Galat,
586 2634 615 2662 v,
640 2634 693 2662 17.
709 2637 751 2644 —-
765 2618 781 2641 ‘2
804 2631 814 2650 ι
833 2621 908 2652 Cor.
926 2630 976 2654 xv,
994 2619 1046 2649 55.
1064 2636 1106 2641 —
1123 2615 1137 2639 3
1157 2617 1226 2651 Lib,
1249 2617 1288 2647 de
1307 2617 1514 2651 mortalitate.
1548 2643 1550 2645 ,
