1843 3190
341 297 399 343 92
767 299 802 328 S.
845 297 1088 328 AUGUSTINI
1123 297 1329 328 EPISCOPI

338 380 358 401 α
384 359 410 404 J
414 359 604 417 ordanis,
626 361 790 425 inquit,
809 378 1039 408 conversus
1058 372 1120 407 est
1141 360 1394 407 retrorsum¹
1424 379 1435 407 ι
1457 362 1716 423 significavit

337 429 532 475 salutaris
554 430 717 477 lavacri
736 432 884 477 futura
904 431 1108 495 mysteria
1125 468 1136 486 ‚
1171 450 1250 495 per
1274 449 1375 495 quae
1400 431 1447 478 in
1469 433 1713 496 primordia

340 510 508 545 naturae
529 517 618 545 suae
634 538 646 557 ,
673 501 749 564 qui
774 501 985 565 baptizati
1000 501 1166 547 fuerint
1183 502 1381 565 parvuli,
1413 520 1436 547 a
1461 501 1626 548 malitia
1645 520 1718 548 re-

341 568 598 616 formantur.
627 592 646 612 »
666 572 834 617 Rursus
865 571 980 617 idem
1006 572 1098 634 ipse
1117 572 1162 616 in
1186 571 1335 617 eodem
1357 572 1516 635 opere⁹¹
1540 590 1550 617 ε
1577 592 1598 613 (ι
1620 573 1719 618 Non

343 639 457 684 enim
475 639 612 686 virilis
631 650 772 687 co'itus
789 679 799 697 ,
823 642 966 704 inquit
984 679 995 697 ‚
1017 641 1160 687 vulvae
1174 642 1396 701 virginalis
1412 653 1574 688 secreta
1604 659 1719 687 rese-

342 709 480 762 ravit3
506 710 579 755 sed
610 710 943 757 immaculatum
963 728 1106 757 semen
1123 711 1368 757 inviolabili
1386 722 1508 758 utero
1533 712 1721 775 Spiritus

344 789 516 825 sanctus
532 779 709 827 infudit.
740 781 865 826 Solus
879 791 942 825 est
964 781 1077 825 enim
1102 797 1180 843 per
1199 782 1344 826 omnia
1361 798 1409 827 ex
1426 781 1538 826 natis
1561 781 1613 826 de
1631 779 1722 826 foe-

344 849 462 893 mina
489 861 662 895 sanctus
683 852 894 896 Dominus
919 855 1063 905 JesUS,
1092 851 1168 911 qui
1190 861 1370 895 terrenae
1395 850 1594 909 contagia
1619 867 1720 895 cor-

343 918 527 980 ruptelae
549 919 819 965 immaculati
835 930 988 982 partus
1008 920 1200 964 novitate
1217 936 1304 964 non
1331 920 1533 975 senserit,
1561 929 1603 964 et
1625 936 1722 965 coe-

341 986 438 1032 lesti
475 991 694 1048 majestate
725 990 956 1053 depulerit.
993 1011 1013 1030 n
1050 990 1246 1052 Itemque
1285 989 1331 1034 in
1364 989 1516 1035 eodem
1557 989 1653 1053 ipso
1668 989 1685 1018 3
1708 1007 1718 1034 :

345 1079 366 1099 α
395 1058 585 1114 Omnes,
624 1059 792 1122 inquit,
831 1060 877 1104 in
915 1059 1053 1105 Adam
1092 1059 1320 1114 morimur,
1347 1059 1450 1122 quia
1472 1076 1552 1122 per
1584 1076 1723 1104 unum

345 1126 569 1173 hominem
588 1140 822 1191 peccatum
846 1130 1025 1174 intravit
1051 1129 1097 1174 in
1122 1128 1338 1175 mundum
1354 1166 1364 1185 ,
1400 1140 1442 1175 et
1463 1146 1543 1192 per
1561 1145 1724 1192 pecca-

345 1207 441 1242 tum
468 1215 583 1243 mors
602 1235 612 1253 ,
647 1211 689 1244 et
714 1200 772 1244 ita
798 1200 841 1245 in
867 1216 1012 1245 omnes
1033 1199 1233 1244 homines
1254 1201 1531 1262 pertransiit,
1554 1199 1601 1244 in
1634 1215 1722 1261 quo

349 1284 496 1312 omnes
530 1280 837 1330 peccaverunt.
881 1269 1003 1314 Illius
1029 1269 1161 1328 igitur
1192 1268 1348 1331 culpa,
1376 1286 1493 1314 mors
1527 1268 1724 1313 omnium

351 1347 428 1383 est.
459 1359 476 1377 ›>
500 1338 596 1383 Alio
622 1339 726 1384 item
750 1339 845 1385 loco
860 1340 904 1384 in
927 1339 1077 1384 eodem
1104 1337 1357 1398 Evangelioh
1382 1356 1392 1383 :
1420 1359 1440 1379 α
1466 1339 1580 1384 Cave
1604 1354 1722 1396 ergo,

348 1406 516 1468 inquit,
544 1425 595 1453 ne
616 1420 713 1454 ante
739 1409 937 1464 nuderis,
969 1410 1081 1454 sicut
1107 1409 1245 1453 Adam
1271 1408 1461 1453 nudatus
1482 1419 1568 1459 est,
1600 1425 1727 1452 man—

349 1476 439 1521 dati
459 1478 645 1523 coelestis
682 1480 881 1525 custodia
917 1480 1171 1534 destitutus,
1203 1489 1245 1523 et
1270 1490 1422 1524 exutus
1460 1478 1562 1523 fidei
1594 1477 1726 1522 vesti-

349 1557 494 1591 mento
510 1585 520 1602 ,
548 1559 589 1592 et
619 1549 678 1593 sic
704 1549 862 1595 lethale
880 1549 1036 1594 vulnus
1053 1549 1244 1611 accepit,
1267 1549 1311 1593 in
1339 1566 1427 1611 quo
1446 1565 1573 1593 omne
1596 1564 1728 1607 genus

351 1616 577 1662 occidisset
614 1619 859 1664 humanum
879 1656 889 1673 ,
918 1620 1001 1664 nisi
1039 1619 1335 1664 Samaritanus
1359 1618 1430 1664 ille
1466 1617 1729 1664 descendens

354 1685 532 1732 vulnera
556 1692 647 1747 ejus
667 1690 822 1734 acerba
841 1700 1044 1736 curasset.
1066 1711 1086 1730 >³
1104 1691 1272 1734 Rursus
1291 1689 1335 1733 in
1356 1706 1483 1751 opere
1503 1689 1622 1750 ipso,
1646 1687 1728 1732 alio

350 1754 507 1801 loco5:
536 1779 555 1797 α
585 1759 708 1812 Fuit,
736 1759 879 1821 inquit
900 1796 910 1812 ,
949 1758 1107 1813 Adam,
1139 1759 1242 1803 etin
1277 1758 1350 1803 illo
1370 1758 1725 1823 fuimusomnesz

352 1826 483 1887 periit
509 1827 644 1872 Adam
663 1865 673 1883 ,
698 1839 739 1872 et
761 1831 805 1873 in
827 1829 903 1873 illo
923 1845 1070 1872 omnes
1097 1828 1335 1890 perierunt.
1371 1848 1389 1868 »
1412 1829 1579 1872 Rursus
1613 1826 1730 1871 idem

353 1896 445 1957 ipse
478 1896 521 1940 in
544 1897 757 1959 Apologia
780 1897 1012 1960 prophetae
1036 1897 1209 1942 David6
1235 1915 1244 1941 :
1271 1918 1289 1936 «
1320 1900 1563 1958 Antequam
1584 1895 1730 1940 nasci-

353 1982 468 2020 mur,
493 1966 663 2029 inquit,
690 1968 963 2012 maculamur
983 1968 1182 2026 contagio
1198 2004 1209 2021 ,
1233 1977 1273 2010 et
1294 1977 1390 2011 ante
1406 1982 1580 2011 usuram
1599 1964 1726 2018 lucis,

355 2034 680 2098 originisipsius
704 2037 941 2099 excipimus
965 2038 1168 2096 injuriam
1189 2073 1199 2090 ‚
1222 2036 1266 2080 in
1290 2036 1518 2098 iniquitate
1536 2034 1733 2096 concipi-

352 2120 466 2150 mur.
492 2106 589 2149 Non
609 2107 811 2168 expressit
829 2143 839 2161 ,
864 2106 1031 2168 inquit,
1051 2117 1197 2151 utrum
1214 2116 1444 2168 parentum
1461 2141 1473 2160 ,
1496 2122 1550 2149 an
1564 2114 1723 2148 nostra.

358 2175 413 2218 Et
429 2174 474 2218 in
500 2173 668 2219 delictis
688 2192 1042 2238 unumquemque
1061 2187 1233 2234 generat
1252 2185 1390 2220 mater
1406 2173 1525 2220 sua7.
1548 2174 1636 2218 Nec
1655 2171 1731 2216 hic

357 2242 613 2296 declaravit,
637 2255 784 2289 utrum
809 2246 854 2290 in
878 2245 1046 2290 delictis
1079 2245 1166 2290 suis
1199 2256 1335 2290 mater
1372 2244 1540 2307 pariat,
1567 2245 1731 2301 anjam

358 2312 442 2356 sint
458 2312 599 2375 aliqua
619 2313 774 2358 delicta
799 2316 1023 2361 nascentis.
1052 2315 1134 2359 Sed
1155 2314 1254 2359 vide
1275 2332 1326 2359 ne
1350 2325 1584 2375 utrumque
1599 2310 1728 2357 intel-

356 2381 577 2442 ligendum
603 2384 669 2429 sit.
703 2385 793 2429 Nec
821 2396 1059 2448 conceptus
1085 2401 1222 2430 exsors
1242 2383 1483 2447 iniquitatis
1505 2393 1589 2438 est,
1617 2398 1732 2444 quo—

407 2486 418 2507 1
439 2485 517 2517 Psal.
536 2497 602 2516 cxxx
620 2509 628 2522 ,
649 2488 678 2516 3.
692 2505 735 2509 —
754 2486 849 2518 QLili.
868 2500 898 2519 2.
917 2499 935 2517 n
966 2491 1017 2518 515.
1038 2506 1079 2510 ——
1093 2485 1172 2518 3111.
1189 2494 1218 2522 4.
1239 2498 1272 2518 n.
1296 2498 1326 2524 7.
1343 2486 1383 2517 ad
1400 2489 1474 2518 Luc.
1491 2495 1559 2527 cap.
1578 2490 1610 2519 4.
1626 2494 1656 2514 V.
1673 2483 1730 2515 38.

358 2558 401 2564 —
423 2538 436 2561 ⁴
457 2541 504 2571 Id.
525 2553 556 2579 7.
577 2551 609 2571 n.
636 2543 676 2579 73
705 2541 741 2571 nd
759 2544 833 2572 Luc.
848 2554 916 2584 cap.
943 2554 991 2572 10.
1012 2544 1062 2573 30.
1084 2560 1126 2565 —-
1142 2540 1399 2578 ⁵1bid.n.234.
1414 2540 1453 2573 ad
1466 2544 1542 2572 Luc.
1558 2549 1585 2571 c.
1605 2539 1656 2569 15.
1671 2542 1728 2573 24.

360 2614 406 2620 —-
424 2593 439 2617 ⁶
461 2595 528 2628 Lib.
547 2595 712 2639 Apologiae
726 2597 839 2631 David.
857 2608 926 2641 cap.
952 2609 1050 2629 11.—
1067 2596 1080 2618 ⁷
1101 2594 1186 2630 Psal.
1203 2609 1232 2636 L,
1249 2608 1280 2636 7.
