1843 3190
321 272 414 333 396
729 286 766 317 s.
808 283 1053 317 Anons‘rmr
1087 283 1290 317 EPISCOPI

317 368 419 414 pars
440 349 636 414 corporis
655 349 714 397 ob
738 350 825 397 hoc
848 354 964 411 jussa
986 362 1047 398 est
1065 351 1313 416 amputari,
1347 361 1397 398 ut
1417 351 1506 398 hoc
1538 350 1697 398 vitium

318 432 590 485 purgaretur.
623 420 755 478 Quod
782 422 863 467 nisi
882 432 988 467 esset
1015 422 1061 468 in
1080 423 1257 478 semine,
1283 422 1338 468 ad
1356 422 1581 486 parvulos,
1603 421 1699 485 qui-

318 492 402 537 bus
421 492 748 538 circumcisione
780 491 851 538 illa
887 493 1081 556 corporis
1114 492 1404 539 auferendum
1427 504 1518 548 est,
1551 492 1700 537 nulla-

318 573 442 608 tenus
464 563 708 627 perveniret
726 581 736 607 :
756 580 894 626 neque
914 565 946 608 si
963 563 1140 609 minime
1161 563 1439 627 pervenisset,
1467 562 1696 622 indigeret,

319 632 533 679 ullatenus
554 634 640 679 hac
665 635 859 696 corporis
879 634 1214 679 circumcisione
1237 633 1459 680 semoveri.
1491 633 1605 679 Cum
1626 649 1701 678 au-

320 714 404 749 tem
433 704 643 767 parvulus
665 705 897 767 proprium
929 704 1098 749 nullum
1132 704 1295 749 habeat
1334 704 1513 749 omnino
1537 719 1700 766 pecca-

320 783 413 818 tum
433 793 444 826 ;
465 784 592 818 restat
609 784 658 818 ut
673 774 844 819 nullum
863 773 1002 819 eidem
1029 773 1146 818 aliud
1162 774 1381 819 auferatur
1395 774 1476 818 nisi
1493 770 1702 832 originale

321 843 399 888 illo
425 843 616 888 remedio
644 843 734 888 sine
764 860 853 906 quo
876 843 990 906 perit
1030 843 1173 888 anima
1200 846 1290 903 ejus
1317 843 1370 889 de
1392 843 1562 907 populo
1593 859 1699 896 suo;

323 913 445 977 quod
463 914 545 959 sub
562 918 680 973 justo
714 915 805 959 Deo
831 931 918 959 non
945 915 1065 959 fieret
1083 951 1094 970 ‚
1122 914 1203 960 nisi
1231 925 1336 960 esset
1359 914 1491 977 culpa
1511 930 1597 977 qua
1621 914 1703 958 fie-

320 995 398 1030 ret.
431 985 542 1041 Quae
559 986 767 1047 quoniam
789 986 972 1049 propria
995 985 1115 1031 nulla
1137 996 1199 1031 est
1219 1003 1230 1031 :
1252 996 1385 1031 restat
1405 995 1453 1031 ut
1474 985 1559 1031 sole
1576 984 1705 1044 origi-

324 1056 390 1100 nis
407 1055 570 1101 vitiatae
588 1055 642 1101 sit
663 1056 831 1119 culpa.]

391 1125 488 1171 XX.
516 1126 631 1171 Ecce
654 1125 937 1171 circumcisus
967 1126 1099 1172 tradit
1121 1126 1314 1172 nascenti
1335 1126 1390 1172 de
1415 1142 1482 1179 se,
1511 1142 1602 1189 quo
1627 1142 1706 1171 ca-

329 1195 417 1240 ruit
433 1195 477 1240 in
492 1212 546 1242 se.
576 1195 697 1252 Quid
717 1207 780 1242 est
802 1213 902 1256 ergo
918 1197 1037 1259 quod
1055 1196 1163 1242 dicis
1178 1233 1189 1252 ,
1203 1197 1321 1242 «Per
1341 1213 1485 1242 rerum
1504 1206 1707 1241 naturam

325 1266 417 1311 fieri
440 1283 528 1311 non
552 1284 692 1329 posse,
720 1267 896 1313 utillud
920 1268 1118 1313 homines
1141 1268 1386 1330 probentur
1406 1267 1601 1324 tradere,
1617 1284 1707 1331 quo

327 1337 512 1382 caruisse
537 1337 810 1384 creduntur?
831 1360 851 1380 »
888 1339 1062 1384 Bonum
1099 1349 1160 1384 est
1184 1339 1457 1402 praeputium
1478 1375 1489 1394 ‚
1517 1356 1610 1384 non
1645 1346 1708 1384 est.

326 1406 507 1458 malum,
533 1407 637 1470 quia
656 1409 770 1454 Deus
794 1408 905 1454 illud
930 1408 1051 1464 fecit,
1076 1408 1188 1454 sicut
1212 1408 1266 1454 de
1288 1410 1471 1455 oleastro
1495 1409 1708 1473 copiosis-

328 1477 432 1522 sime
455 1476 701 1540 disputasti.
726 1478 1036 1542 Respondetur
1062 1479 1141 1524 tibi
1168 1497 1178 1524 :
1205 1480 1354 1525 Bonus
1378 1490 1440 1525 est
1463 1478 1640 1524 oleaster
1663 1478 1710 1524 in

323 1564 466 1593 rerum
487 1558 641 1594 natura
659 1586 669 1604 ‚
693 1549 767 1594 sed
789 1549 834 1594 in
861 1549 1168 1612 mysteriorum
1189 1549 1423 1613 Scriptura
1445 1549 1609 1595 malum
1619 1549 1710 1608 sig-

329 1618 480 1663 nificat
512 1635 523 1663 :
570 1619 683 1664 sicut
704 1619 819 1682 lupi,
837 1620 948 1666 sicut
971 1620 1141 1683 vulpes,
1170 1620 1281 1666 sicut
1307 1637 1376 1666 sus
1397 1620 1487 1666 lota
1509 1619 1556 1665 in
1580 1619 1711 1665 volu-

323 1688 461 1733 tabris
492 1689 608 1734 coeni
630 1727 640 1745 ‚
667 1690 780 1736 sicut
801 1690 920 1735 canis
940 1707 1172 1736 conversus
1196 1690 1251 1736 ad
1280 1707 1409 1736 suum
1450 1690 1670 1745 vomitum
1693 1705 1705 1733 ε

326 1757 371 1802 in
400 1775 545 1804 rerum
575 1770 730 1806 natura
763 1761 876 1806 bona
904 1771 1004 1806 sunt
1033 1761 1181 1806 omnia
1197 1797 1209 1817 ,
1233 1761 1344 1807 sicut
1361 1777 1488 1815 oves;
1512 1781 1531 1801 «
1549 1758 1713 1805 Omnia

334 1829 537 1892 »quippe
557 1831 673 1876 Deus
693 1830 919 1876 fecitbona
937 1830 1065 1876 valde
1091 1849 1128 1876 z»
1149 1830 1222 1876 sed
1248 1831 1294 1877 in
1316 1831 1472 1876 sanctis
1490 1828 1721 1892 librislupi

331 1898 466 1944 malos
489 1899 762 1959 significant,
794 1918 892 1946 oves
911 1911 1053 1947 autem
1086 1902 1239 1948 bonos.
1271 1903 1361 1947 Nec
1398 1899 1637 1946 secundum
1666 1897 1713 1944 id

331 1969 448 2032 quod
467 1982 566 2015 sunt
583 2008 593 2026 ‚
616 1971 688 2016 sed
710 1971 950 2018 secundum
975 1972 1019 2018 id
1040 1972 1160 2036 quod
1178 1973 1449 2032 significant,
1474 1971 1527 2017 de
1551 1969 1634 2016 illis
1651 1969 1713 2014 si-

329 2041 596 2087 militudines
631 2042 785 2087 damus
801 2080 811 2098 ‚
852 2043 1030 2106 quando
1067 2043 1120 2089 de
1157 2044 1376 2089 bonorum
1406 2042 1710 2104 malorumque

331 2110 576 2156 differentia
599 2111 887 2176 disputamus.
924 2114 996 2160 Sic
1015 2124 1056 2159 et
1080 2114 1350 2177 praeputium
1377 2112 1586 2177 quoniam
1611 2128 1712 2175 par-

327 2179 462 2226 ticula
483 2192 544 2227 est
563 2182 746 2228 humani
767 2184 982 2247 corporis,
996 2184 1118 2247 quod
1138 2194 1280 2229 totum
1301 2195 1364 2229 est
1381 2182 1712 2229 bonasubstan-

331 2251 408 2306 tia,
438 2252 589 2316 utique
613 2252 782 2303 bonum
801 2265 864 2299 est
879 2272 957 2318 per
978 2265 1198 2310 naturam,
1222 2254 1295 2300 sed
1315 2254 1479 2300 malum
1499 2252 1715 2312 significat

329 2337 408 2383 per
430 2323 634 2381 figuram,
659 2340 758 2369 cum
784 2324 855 2370 die
878 2336 1033 2372 octavo
1052 2325 1313 2371 circumcidi
1334 2324 1594 2390 praecipitur
1615 2338 1715 2385 par-

331 2390 476 2446 vulUS,
501 2403 684 2455 propter
710 2394 954 2449 Christum,
983 2397 1027 2442 in
1053 2413 1139 2459 quo
1162 2395 1272 2440 sicut
1289 2394 1522 2458 Apostolus
1539 2391 1681 2439 dicit1
1698 2428 1710 2448 ‚

329 2461 578 2507 circumcisi
608 2479 756 2509 sumus
780 2465 1113 2512 circumcisione
1142 2484 1231 2512 non
1254 2482 1388 2511 manu
1411 2465 1527 2510 facta
1544 2501 1555 2521 ,
1580 2479 1714 2526 quam

331 2531 421 2577 sine
455 2531 594 2579 dubio
627 2535 927 2597 praefiguravit
964 2536 1242 2583 circumcisio
1266 2553 1400 2583 manu
1425 2534 1556 2585 facta.
1584 2534 1714 2584 Prae-

380 2614 390 2637 ¹
412 2615 532 2648 Coloss.
547 2627 584 2655 n,
604 2627 615 2648 ι
628 2627 654 2648 1.
