1843 3190
264 331 438 363 CONTRA
472 331 698 363 JULIANUM
732 330 1037 373 PELAeiANuM,
1075 333 1165 363 Lm.
1204 335 1271 366 111.
1355 320 1439 367 183

70 398 255 444 donante
279 398 535 461 respondere
558 397 715 453 debeo,
737 407 780 442 et
799 397 859 442 sic
879 407 974 442 tuos
1000 397 1138 442 libros
1153 409 1286 461 atque
1312 417 1443 459 argu-

69 480 210 514 menta
226 469 431 524 refellere,
449 467 533 513 utsi
551 467 705 530 possis,
728 466 955 526 intelligas,
977 468 1086 512 male
1101 466 1182 513 tibi
1198 468 1325 514 fuisse
1344 487 1440 532 per-

67 555 255 596 suasum,
279 539 398 602 quod
431 537 523 583 aliis
555 536 813 599 persuadere
837 537 1026 590 moliris;
1052 547 1179 600 teque
1211 538 1441 584 salubriter

65 609 276 671 poeniteat
298 610 486 654 incautae
518 624 566 652 ac
592 607 828 652 temerariae
841 607 1044 666 juvenilis
1068 607 1375 670 progressionis
1398 620 1440 655 et

65 678 351 741 prolapsionis
369 689 473 733 tuae,
500 694 587 722 non
613 687 782 722 tantum
824 677 904 722 tibi
945 688 1015 722 tua
1054 678 1340 733 correctione,
1365 696 1438 724 ve-

65 750 290 794 rumetiam
310 749 512 812 pluribus
524 747 774 811 profutura,
792 748 1153 807 cognoscentibus
1168 749 1292 794 vobis
1311 760 1439 814 atque

62 818 298 864 fatentibus
312 836 442 882 quam
457 835 545 864 non
556 817 743 863 inaniter
754 834 974 881 quamque
984 818 1193 864 veraciter
1209 830 1272 864 tot
1281 830 1322 865 et
1331 821 1440 866 tanti

64 887 414 933 Christianorum
438 898 624 933 rectores
664 886 948 950 doctoresque
978 887 1243 951 populorum
1284 889 1438 935 hocin

14 1004 15 1009 ,
63 957 251 1002 Ecclesia
280 959 358 1003 Dei
377 957 610 1003 didicerint
629 967 672 1002 et
695 956 942 1011 docuerint,
972 957 1092 1020 quod
1112 958 1329 1005 verisimili
1356 978 1439 1006 no-

60 1028 190 1072 vitate
209 1028 381 1090 decepti
402 1028 645 1090 cupiebatis
672 1037 871 1073 evertere.
898 1027 944 1072 Si
962 1039 1125 1083 autem,
1145 1029 1266 1092 quod
1293 1031 1369 1075 abs
1392 1042 1434 1077 te

63 1098 273 1142 Dominus
297 1108 489 1151 avertat,
527 1097 596 1143 vel
629 1098 689 1142 sic
719 1097 992 1142 tenebratum
1023 1114 1099 1143 cor
1133 1099 1357 1156 habueris,
1387 1112 1435 1147 ut

59 1168 294 1228 intelligere
316 1169 397 1213 ista
421 1185 510 1213 non
532 1167 669 1230 possis
687 1187 698 1220 3
730 1167 861 1213 velex
883 1185 932 1213 eo
949 1185 1129 1214 numero
1154 1168 1300 1225 fueris,
1328 1188 1438 1234 quos

11 1239 12 1242 ’
58 1238 103 1283 in
128 1238 286 1283 sanctis
310 1238 491 1284 Psalmis
516 1238 672 1283 veritas
695 1248 818 1283 notat
856 1237 1004 1284 dicens
1027 1256 1038 1283 z
1062 1260 1081 1281 >2
1103 1239 1256 1285 Noluit
1272 1239 1437 1286 intelli-

59 1328 80 1349 »
99 1325 212 1367 gere,
246 1318 294 1353 ut
327 1309 435 1354 bene
476 1318 616 1368 ageret
635 1307 682 1361 1;
705 1307 813 1354 »vel
835 1325 882 1353 ex
913 1325 980 1363 eo,
1017 1308 1071 1354 de
1093 1309 1298 1373 qualibus
1335 1310 1436 1357 item

10 1371 11 1375 ¹
57 1378 268 1440 seriptum
312 1388 387 1424 est.
422 1399 442 1420 (ε
467 1378 618 1423 Verbis
651 1395 740 1424 non
771 1378 1078 1425 emendabitur
1097 1397 1243 1426 servus
1267 1380 1401 1427 durus
1420 1419 1430 1437 ,

58 1470 76 1489 »
96 1448 131 1492 si
153 1449 265 1493 enim
287 1459 326 1494 et
346 1448 614 1503 intellexerit,
635 1466 722 1494 non
744 1449 952 1495 obaudiet
973 1450 990 1478 2
1009 1467 1020 1494 ι
1049 1471 1069 1492 »
1087 1468 1165 1496 nee
1182 1451 1242 1497 sie
1266 1452 1432 1498 eritiste

55 1517 350 1563 infructuosus
390 1518 514 1563 labor
555 1519 622 1563 vel
647 1536 781 1573 meUS,
810 1519 877 1565 vel
905 1519 1090 1566 aliorum
1125 1521 1330 1579 fratrum,
1356 1524 1433 1586 qui

55 1604 134 1649 per
149 1587 311 1633 Christi
339 1589 519 1647 gratiam
544 1599 697 1633 contra
718 1589 839 1634 hunc
862 1606 1050 1636 errorem
1067 1590 1329 1638 catholicam
1350 1593 1431 1639 de-

55 1656 237 1703 fendunt
265 1658 411 1704 fidem.
450 1658 587 1704 Multo
630 1660 814 1722 amplius
835 1659 950 1705 enim
975 1672 1103 1706 erunt
1123 1678 1231 1725 quos
1253 1665 1430 1728 antiqua

54 1728 210 1773 veritas
242 1728 309 1773 vel
332 1729 516 1774 instruat
535 1728 725 1783 defensa,
753 1730 820 1776 vel
854 1731 1063 1791 corrigat,
1106 1732 1140 1777 si
1167 1750 1253 1778 non
1277 1734 1431 1781 defue-

54 1808 157 1842 runt
192 1815 299 1860 quos
321 1798 513 1862 irrepens
547 1817 664 1844 error
705 1800 904 1847 insolitus
945 1813 1018 1847 aut
1045 1803 1314 1850 subverteret
1354 1818 1430 1853 aut

55 1880 259 1915 moveret.
285 1870 347 1914 Ac
369 1887 422 1915 ne
439 1870 616 1930 longum
631 1870 807 1926 faciam,
828 1889 916 1917 non
934 1873 1080 1919 omnia
1100 1875 1231 1920 verba
1252 1887 1321 1922 tua
1343 1895 1430 1941 po-

53 1955 171 1993 nam,
196 1939 268 1984 sed
292 1939 326 1984 si
346 1940 557 1986 Dominus
587 1940 820 2000 adjuverit,
849 1953 1024 1989 tuarum
1058 1945 1178 1991 Velut
1202 1958 1428 1994 acutarum

54 2008 476 2067 argumentationum
497 2009 609 2055 nihil
639 2028 726 2056 non
765 2011 954 2058 solutum
977 2013 1334 2080 destructumque
1357 2018 1431 2063 di-

53 2089 239 2126 mittam.

118 2150 177 2197 ΙΙ.
207 2152 271 2196 De
280 2151 503 2210 judicibus
526 2169 537 2197 ι
555 2173 576 2194 α
597 2152 731 2216 Apud
745 2171 853 2217 quos
865 2166 1094 2218 propterea
1111 2156 1219 2204 dicis
1238 2176 1325 2204 non
1344 2177 1428 2223 pe-

51 2221 180 2266 tuisse
190 2237 265 2266 vos
279 2238 398 2280 agere
411 2238 582 2267 causam
596 2233 777 2269 vestram
789 2261 798 2277 ,
815 2225 915 2287 quia
930 2243 1056 2271 nemo
1075 2227 1128 2272 de
1142 2228 1270 2274 rebus
1284 2229 1431 2276 dubiis

52 2292 162 2336 bene
186 2291 420 2347 consultat,
441 2292 521 2337 nisi
555 2293 631 2356 qui
657 2293 713 2338 ab
726 2293 845 2350 odio,
871 2295 933 2340 ira
958 2307 1000 2341 et
1024 2298 1214 2343 amicitia
1239 2317 1428 2347 vacuum

19 2420 24 2425 ι
50 2373 200 2425 peetus
224 2362 411 2408 attulerit
427 2383 438 2417 ;
456 2363 603 2426 quales
620 2381 708 2409 non
719 2364 847 2411 fuisse
869 2365 994 2422 dicis,
1015 2368 1092 2432 qui
1115 2369 1169 2415 de
1182 2387 1311 2416 causa
1327 2388 1426 2418 ves-

53 2443 117 2477 tra
137 2432 466 2492 judicaverunt,
495 2434 599 2497 quia
625 2435 747 2497 prius
770 2453 861 2481 eam
891 2450 1122 2500 coeperunt
1140 2439 1278 2486 odisse
1300 2458 1433 2505 quam

52 2519 172 2548 nosse
189 2524 201 2558 ;
219 2525 237 2544 »
247 2507 340 2563 jam
353 2503 532 2567 quidem
553 2505 773 2568 superiore
785 2506 899 2553 libro
915 2509 1119 2572 respond-i
1133 2528 1147 2556 t
1172 2512 1286 2568 Quia
1308 2513 1342 2558 si
1361 2523 1429 2558 ta-

100 2613 109 2634 ¹
130 2612 212 2646 Psal.
233 2623 333 2652 xxxv,
349 2618 383 2651 4’.
403 2612 479 2637 ——2
496 2617 590 2648 Prov.
613 2625 702 2654 xxix,
727 2627 789 2657 192
