1843 3190
364 316 455 363 260
782 327 816 358 5.
861 325 1102 358 Auousrlm
1138 324 1340 356 EPIscopi

362 395 534 443 homini
557 394 848 458 periclitanti,
881 393 1122 456 praesertim
1156 390 1377 438 innocenti
1412 407 1423 436 :
1457 388 1531 438 sed
1567 389 1638 436 ille
1660 388 1737 453 qui

362 467 451 513 1106
471 466 577 511 facit
594 503 604 521 ,
635 465 667 510 51
689 463 875 510 amando
895 463 1075 523 gloriam
1100 462 1330 508 hominum
1353 461 1486 520 magis
1505 477 1638 524 quam
1657 459 1739 505 Dei

364 536 496 592 facit,
525 552 614 581 non
649 535 758 580 bene
794 535 962 579 bonum
1000 532 1106 578 facit
1140 551 1150 577 ε
1184 533 1286 595 quia
1316 549 1404 577 non
1436 531 1579 576 bonus
1605 530 1735 588 facit,

365 606 486 671 quod
509 623 597 652 non
619 606 735 651 bona
754 604 975 650 voluntate
996 602 1116 649 facit.
1151 602 1274 649 Absit
1293 602 1407 647 enim
1434 611 1483 646 ut
1501 601 1554 646 sit
1578 600 1645 647 vel
1667 600 1740 646 di-

367 689 492 723 catur
511 677 710 722 voluntas
733 677 870 729 bona,
900 692 999 738 quae
1020 675 1063 720 10
1085 674 1177 719 aliis
1196 711 1205 729 ,
1228 673 1298 719 rel
1319 674 1361 718 10
1381 690 1421 718 56
1446 673 1538 735 ipsa
1558 709 1568 729 ,
1592 672 1742 717 nonin

366 748 558 794 Domino
575 747 797 806 gloriatur.
837 748 898 791 Ac
931 762 1009 808 per
1036 745 1123 790 hoc
1148 761 1227 789 nec
1248 748 1338 803 ejus
1363 743 1533 789 fructus
1556 743 1634 788 iste
1669 742 1741 788 di-

367 817 530 864 cendus
551 827 612 861 est
630 834 640 860 :
659 837 678 858 α
696 817 840 862 Arbor
854 815 968 860 enim
991 815 1102 859 mala
1117 814 1255 859 bonos
1268 813 1436 859 fructus
1448 830 1534 858 non
1550 812 1678 859 facit1
1696 831 1706 858 :
1722 834 1742 854 υ

367 887 442 934 56(1
462 887 608 950 potius
639 887 803 931 bonum
837 901 948 948 opus
980 895 1042 929 est
1076 884 1217 940 illius,
1248 884 1324 947 qui
1350 884 1476 929 etiam
1507 901 1586 946 per
1611 883 1744 929 malos
1805 878 1807 920 ἶ

366 958 479 1003 13606
501 955 618 1003 facit.
651 956 932 1019 Quapropter
959 954 1048 1000 clici
1080 972 1166 999 non
1192 965 1334 1017 potest
1363 964 1575 1017 quantum
1601 965 1642 1000 te
1664 954 1745 999 ista

368 1027 491 1074 fallat
516 1027 688 1090 opinio,
715 1043 803 1089 qua
826 1025 968 1071 dixisti
991 1043 1001 1070 :
1028 1047 1048 1067 «
1069 1025 1232 1070 Omnes
1249 1025 1427 1071 virtutes
1445 1026 1623 1071 affectus
1639 1042 1741 1081 6556,

369 1115 450 1162 per
465 1114 574 1161 quos
600 1107 673 1142 aut
701 1096 923 1142 fructuose
949 1106 1023 1142 aut
1047 1095 1246 1141 steriliter
1265 1095 1373 1140 boni
1395 1112 1557 1142 sumus.
1582 1116 1602 1136 ³>
1636 1095 1748 1140 Fieri
1804 1119 1805 1122 =

371 1169 487 1214 enim
511 1185 598 1213 non
623 1177 765 1230 potest
785 1178 833 1213 ut
862 1167 1061 1213 steriliter
1093 1167 1199 1212 boni
1232 1167 1364 1213 simus
1392 1185 1402 1212 ε
1433 1167 1505 1213 sed
1534 1167 1641 1212 boni
1661 1183 1748 1212 non
1776 1209 1780 1215 .
1804 1180 1805 1214 ξ

373 1256 523 1285 sumus
544 1238 762 1302 quidquid
781 1238 980 1284 steriliter
997 1255 1159 1284 sumus.
1188 1238 1331 1284 Arbor
1350 1238 1464 1284 enim
1482 1238 1599 1283 bona
1612 1238 1750 1283 130005

373 1309 545 1355 fructus
563 1308 683 1355 facit.
716 1309 842 1354 Absit
865 1319 1009 1354 autem
1034 1319 1083 1354 ut
1108 1310 1224 1354 Deus
1243 1309 1385 1354 bonus
1404 1346 1415 1365 ,
1444 1327 1467 1355 a
1485 1325 1573 1372 quo
1593 1308 1751 1354 securis
1802 1324 1805 1371 g

373 1390 556 1444 paratur
577 1379 808 1425 arboribus
833 1396 922 1424 non
955 1379 1218 1425 facientibus
1249 1378 1442 1425 fructum
1468 1379 1660 1434 bonurn,
1681 1395 1753 1424 ex-

1802 1408 1816 1429 11

378 1449 522 1506 cidat,
549 1459 591 1495 et
620 1448 830 1509 inignem
859 1449 1004 1494 mittat
1037 1449 1210 1494 arbores
1244 1449 1382 1494 bonas
1396 1449 1429 1495 2.
1466 1447 1598 1495 Nullo
1624 1447 1754 1493 modo
1802 1435 1803 1470 1

378 1520 512 1580 igitur
529 1519 726 1565 homines
759 1530 858 1564 sunt
896 1520 1095 1566 steriliter
1123 1520 1231 1565 boni
1265 1538 1275 1565 :
1311 1519 1383 1566 sed
1417 1520 1493 1583 qui
1528 1518 1635 1565 13001
1669 1534 1756 1564 000
1801 1488 1803 1582 1

380 1600 509 1645 sunt,
539 1600 639 1634 sunt
665 1589 736 1635 alii
762 1590 927 1636 minus.
954 1591 1026 1635 alii
1053 1591 1185 1650 magis
1208 1590 1322 1637 mali.
1801 1588 1803 1592 ’

447 1661 619 1707 XXIII.
662 1659 787 1705 [nde
805 1671 845 1705 et
865 1638 925 1706 illi
946 1677 1054 1725 quos
1075 1678 1413 1707 commemorare
1435 1660 1634 1716 voluisti,
1656 1681 1676 1702 «
1699 1660 1761 1706 De
1800 1644 1802 1706 1

388 1731 548 1795 quibus
585 1730 644 1775 ait
670 1731 935 1793 Apostolus:
967 1734 1124 1777 Gentes
1149 1732 1283 1792 legem
1322 1748 1410 1778 non
1438 1732 1648 1778 habentes
1681 1730 1762 1794 ipsi
1799 1735 1802 1800 1

389 1802 511 1847 »sibi
536 1811 635 1846 sunt
661 1800 742 1857 lex,
768 1801 843 1863 qui
865 1801 1032 1846 habent
1051 1819 1161 1865 opus
1184 1802 1288 1862 legis
1316 1803 1529 1865 scriptum
1554 1803 1600 1848 10
1616 1801 1764 1848 cordi·

393 1893 414 1913 »
434 1872 519 1916 bus
539 1871 678 1925 suis²⁴3
706 1893 725 1912 υ
751 1871 858 1934 quid
885 1883 925 1916 te
949 1871 1155 1930 adjuvent
1181 1874 1358 1919 omnino
1386 1890 1473 1919 non
1502 1873 1643 1919 video.
1685 1874 1767 1918 Per
1799 1875 1801 1913 1

392 1943 474 1988 1105
491 1941 605 1987 enim
627 1942 816 2004 probare
833 1953 1013 1987 conatus
1027 1960 1088 1999 es,
1110 1944 1235 1988 etiam
1255 1944 1415 1988 alienos
1434 1961 1456 1988 a
1475 1943 1560 1989 fide
1583 1942 1765 1998 Christi,
1798 1961 1800 2006 g

395 2029 538 2059 veram
566 2028 687 2074 posse
704 2011 1091 2071 habcrejustitiam
1111 2050 1121 2070 ,
1153 2031 1201 2058 60
1233 2013 1354 2076 quod
1383 2013 1478 2069 isti,
1509 2023 1609 2059 teste
1630 2014 1771 2076 Apos-
1797 1996 1812 2089 1ξ

396 2083 512 2138 1010,
549 2082 802 2127 naturaliter
838 2100 937 2146 quae
975 2083 1078 2143 legis
1112 2096 1213 2130 sunt
1246 2084 1428 2130 faciunt.
1472 2084 1559 2129 Ubi
1597 2083 1799 2147 quidem}

399 2155 556 2213 dogma
580 2164 768 2199 vestrum
790 2191 799 2210 ,
824 2171 911 2217 quo
931 2156 1029 2200 65115
1052 2155 1216 2201 10101161
1234 2156 1383 2215 gratiae
1402 2155 1506 2209 Dei,
1532 2172 1631 2217 quae
1647 2154 1774 2200 datur
1796 2156 1799 2205 ἶ

401 2242 479 2287 per
496 2225 641 2268 Jesum
665 2224 892 2269 Christum
916 2226 1156 2292 Dominum
1184 2237 1378 2271 nostrum
1399 2263 1409 2278 ,
1433 2225 1507 2288 qui
1536 2225 1648 2270 tollit
1669 2241 1775 2287 pec—
1796 2262 1798 2266 ,

402 2305 546 2340 catum
569 2294 775 2348 nlttlicli²'⁸‚
803 2294 1043 2340 evidentius
1070 2296 1336 2358 expressistis)
1361 2313 1370 2339 ε
1398 2294 1677 2340 introducens
1701 2294 1797 2355 110-1

401 2365 572 2408 1010001
592 2380 723 2421 genus
743 2400 752 2409 .
781 2364 899 2425 quod
920 2366 1010 2408 Deo
1030 2365 1199 2427 placere
1220 2365 1356 2427 possit
1375 2365 1464 2408 sine
1489 2364 1654 2409 Christi
1675 2363 1774 2418 fide,
1795 2358 1797 2371 ¹

401 2434 493 2494 lege
516 2445 697 2479 naturae.
731 2435 827 2479 Hoc
851 2445 911 2479 651
934 2433 1047 2479 00(16
1070 2451 1144 2480 vos
1163 2436 1344 2480 maxime
1364 2435 1613 2480 Christiana
1639 2434 1797 2506 detes-,¹

403 2515 522 2550 tatur
548 2503 753 2549 Ecclesia.
787 2503 870 2549 Sed
895 2504 1001 2566 quid
1024 2505 1085 2550 vis
1110 2521 1195 2550 6556
1223 2505 1354 2550 istos?
1379 2505 1534 2550 Utrum
1557 2521 1676 2551 veras
1699 2504 1795 2551 vir-'

448 2602 460 2625 ¹
478 2602 594 2634 Matth-
613 2613 675 2641 vn,
702 2603 753 2635 18.
778 2620 818 2625 --
836 2600 850 2622 ²
868 2601 918 2635 Id.
947 2614 1003 2641 111,
1038 2614 1090 2636 10.
1119 2622 1159 2627 —-
1182 2601 1303 2637 3R0m.
1330 2611 1504 2648 11‚14.--
1529 2602 1543 2627 ⁴
1562 2604 1646 2637 Vide
1663 2604 1717 2637 lib.
1738 2601 1774 2635 de

398 2657 506 2701 spirit.
526 2664 558 2690 et
573 2657 635 2693 Lit.
655 2668 683 2691 c.
706 2658 760 2692 26.
780 2676 823 2683 -
845 2656 858 2680 ⁵
882 2660 1028 2698 Joan.1‚
1046 2670 1083 2699 ι’,-
1103 2667 1132 2691 et
1153 2672 1206 2701 29.
