1843 3190
289 257 382 317 [290
698 269 732 298 s.
775 264 1019 299 Aucusrmt
1054 264 1256 299 EPISCOPI

287 334 553 397 prophetam
578 351 588 378 :
633 329 844 378 «Etdabo
864 333 939 390 eis,
963 332 1123 397 inquit,
1146 350 1220 378 cor
1239 326 1374 388 aliud,
1393 343 1434 378 et
1461 331 1663 395 spiritum

286 419 481 450 »novum
506 404 621 449 dabo
647 404 769 458 eis‚et
783 398 941 449 vellum
956 417 1031 449 cor
1053 397 1275 467 lapideum
1288 403 1341 448 de
1357 420 1484 449 carne
1498 414 1665 459 eorum,

288 494 312 516 >›
328 485 368 519 et
394 474 510 519 dabo
536 473 592 518 eis
611 490 687 519 cor
707 484 912 518 carneum
931 510 941 529 ‚
968 484 1016 518 ut
1040 473 1085 519 in
1108 471 1342 536 praeceptis
1379 473 1481 518 meis
1507 472 1666 518 ambu-

288 564 311 586 »
329 544 416 588 lent
435 581 445 599 ,
474 554 515 588 et
541 541 878 603 justificationes
902 556 1017 588 meas
1041 543 1298 599 observent,
1326 553 1368 588 et
1384 542 1547 588 faciant
1565 551 1665 587 east

292 635 313 656 >³
329 625 370 659 et
387 624 513 659 erunt·
530 613 640 659 mihi
657 614 702 659 in
718 613 934 676 populum
952 651 962 668 ‚
983 622 1024 659 et
1035 631 1112 674 ego
1136 631 1207 659 ero
1231 613 1289 659 eis
1316 613 1361 658 in
1386 614 1545 667 Deum,
1561 611 1669 656 dicit

296 683 593 730 »Dominus1.
615 706 630 723 ι»
647 681 873 746 Numquid
898 699 975 743 ego
995 701 1222 747 possumus
1255 683 1338 728 nisi
1368 681 1672 728 absurdissime

291 754 452 807 dicere,
475 753 643 798 bonum
664 754 867 798 meritum
890 751 1018 799 bonae
1044 753 1277 799 voluntatis
1302 753 1345 798 in
1365 752 1542 798 homine
1555 768 1673 814 prae-

296 824 480 878 cessisse,
515 833 563 868 ut
586 823 840 868 evelleretur
866 824 920 868 ab
936 840 985 868 eo
1009 841 1085 868 cor
1103 823 1326 886 lapideum
1356 840 1367 867 ε
1392 821 1674 885 quandoqui-

298 893 397 938 dem
420 893 567 956 ipsum
594 910 669 938 cor
699 893 925 957 lapideum
946 911 1033 939 non
1057 891 1270 954 significat
1292 893 1372 938 nisi
1395 892 1673 938 durissimam

297 963 568 1009 voluntatem
585 974 626 1009 et
654 963 856 1010 adversus
879 966 1020 1010 Deum
1046 966 1223 1010 omnino
1246 962 1525 1010 inflexibilem
1540 966 1560 1007 Ψ
1583 961 1674 1008 Ubi

298 1034 410 1078 enirn
437 1033 649 1097 praecedit
669 1034 785 1080 bona
804 1034 1022 1092 voluntas)
1040 1034 1132 1095 jam·
1151 1052 1239 1080 non
1265 1043 1327 1080 est
1350 1033 1501 1098 utique
1526 1029 1677 1079 corla-

302 1103 495 1165 pideum.

364 1176 504 1222 XXX.
536 1177 647 1221 Nam
670 1187 711 1221 et
736 1176 818 1221 alio
843 1176 939 1222 loco
964 1194 1042 1240 per
1061 1176 1542 1239 eumdemProphetam
1560 1172 1678 1219 Deus

302 1245 644 1291 manifestissime
664 1247 868 1301 ostendit,
894 1265 979 1293 non
1000 1257 1182 1310 propter
1211 1264 1360 1291 eorum
1386 1245 1529 1309 aliqua
1562 1245 1681 1290 bona

301 1315 455 1359 merita
475 1352 485 1369 ‚
516 1315 586 1360 sed
607 1327 794 1379 propter
824 1334 983 1362 nomen
1008 1330 1132 1362 suum
1157 1312 1236 1361 ista
1271 1315 1411 1361 facere
1431 1353 1441 1371 ,
1472 1315 1549 1360 ubi
1587 1314 1645 1359 ait
1664 1351 1677 1370 ,

301 1384 434 1444 «Ego
465 1385 578 1431 facio
598 1424 608 1441 ‚
637 1387 792 1432 domus
833 1386 970 1432 Israel
996 1425 1005 1443 ‚
1035 1387 1106 1432 sed
1134 1397 1315 1450 propter
1344 1403 1502 1432 nomen
1537 1401 1680 1430 meum

303 1476 324 1497 ›>
346 1467 541 1501 sanctum
577 1457 695 1520 quod
728 1457 987 1521 profanastis
1016 1458 1060 1503 in
1088 1459 1315 1518 gentibus,
1357 1460 1444 1521 quo
1495 1452 1683 1501 intrastis

303 1525 467 1571 »illuct
497 1537 538 1572 et
561 1528 843 1573 sanctificabo
861 1546 1019 1574 nomen
1042 1544 1187 1573 meum
1214 1544 1418 1588 magnum
1438 1521 1555 1591 quod
1577 1542 1687 1588 pro-

305 1613 329 1637 n
343 1595 536 1641 sanatum
554 1608 614 1642 est
639 1598 683 1643 in
709 1599 909 1657 gentibus
925 1635 935 1653 ‚
962 1592 1080 1662 quod
1099 1598 1358 1661 profanastis
1384 1594 1428 1643 in
1447 1596 1589 1642 medio
1610 1613 1686 1641 eo-

308 1680 436 1710 »rum
474 1683 484 1711 t
510 1678 551 1713 et
566 1668 700 1713 scient
724 1673 866 1727 gentes
883 1664 985 1731 quia
1009 1686 1084 1728 ego
1101 1679 1194 1714 sum
1212 1664 1689 1723 Dominus‚dicitAdo-

309 1754 330 1775 »
352 1745 423 1780 na‘i
442 1738 653 1783 Dominus
679 1775 689 1793 ,
728 1755 826 1783 cum
865 1739 1157 1784 sanctificatus
1188 1737 1310 1783 fuero
1346 1738 1392 1783 in
1429 1737 1555 1782 vobis
1592 1747 1690 1781 ante

309 1806 491 1852 »oculos
516 1822 664 1853 eorum
691 1826 703 1853 ε
729 1819 769 1853 et
793 1809 1006 1872 accipiam
1025 1826 1101 1854 vos
1124 1808 1177 1853 de
1200 1809 1416 1868 gentibUS‚
1445 1817 1487 1852 et
1509 1823 1692 1866 congre·

310 1897 331 1917 ³>
349 1877 460 1935 gabo
483 1895 558 1923 vos
570 1896 615 1923 cx
630 1879 833 1924 omnibus
859 1880 1009 1935 terris5
1031 1890 1073 1925 et
1106 1878 1314 1924 inducam
1341 1888 1415 1924 vos
1454 1875 1499 1923 in
1534 1889 1693 1924 terram

311 1957 545 2004 ›svestram‚
570 1960 611 1994 et
626 1966 846 2012 aspergam
872 1968 947 1995 vos
974 1962 1085 2013 aqua
1105 1949 1292 2005 munda,
1318 1960 1358 1994 et
1374 1941 1697 1994 mundabimini

314 2035 337 2058 >1
355 2015 410 2061 ab
432 2019 635 2064 omnibus
669 2018 958 2065 immunditiis
985 2021 1159 2079 vestris,
1190 2025 1231 2064 et
1255 2017 1311 2064 ab
1336 2014 1540 2064 omnibus
1569 2011 1697 2063 idolis

311 2088 510 2141 »Vestris,
538 2099 579 2133 et
624 2084 849 2135 mundabo
888 2107 962 2135 vos
992 2102 1002 2134 τ
1032 2097 1074 2135 et
1098 2083 1216 2135 dabo
1242 2089 1366 2135 vobis
1398 2105 1472 2134 cor
1506 2105 1692 2143 novum,

315 2174 336 2197 n·
363 2167 404 2201 et
430 2156 629 2220 spiritum
659 2173 822 2205 novum
851 2159 966 2205 dabo
1006 2160 1051 2206 in
1088 2159 1211 2206 vobis
1237 2178 1246 2204 :
1297 2170 1338 2205 et
1379 2159 1595 2205 auferetur
1625 2175 1698 2204 cor

317 2226 574 2289 »lapideum
601 2228 655 2274 de
678 2246 805 2275 carne
838 2241 976 2275 vestra
991 2267 1002 2285 ‚
1036 2241 1078 2275 et
1100 2225 1216 2275 dabo
1237 2229 1360 2275 vobis
1379 2247 1453 2276 cor
1469 2245 1694 2285 carneum,

317 2316 338 2336 ))
362 2307 403 2341 et
421 2299 622 2361 spiritum
648 2315 790 2345 meum
810 2299 925 2345 dabo
956 2301 999 2345 in
1030 2301 1154 2346 vobis
1181 2318 1191 2345 z
1214 2311 1255 2345 et
1281 2294 1439 2346 faciam
1458 2311 1506 2345 ut
1530 2295 1575 2345 in
1599 2303 1699 2359 jus·-

320 2384 341 2409 a
361 2368 670 2415 tificationibus
697 2371 798 2416 meis
821 2371 1065 2425 ambuletis,
1092 2378 1133 2416 et
1152 2365 1322 2431 judicia
1348 2389 1439 2417 mea
1464 2366 1699 2416 observetis

322 2457 344 2480 ³³
371 2445 412 2483 et
450 2438 661 2486 facietis2.
691 2463 710 2481 »
744 2441 853 2498 Quis
881 2443 939 2487 ita
964 2443 1199 2493 sitcaecus,
1222 2453 1377 2487 utnon
1401 2440 1578 2495 videat3
1605 2441 1702 2504 quis

322 2508 382 2554 ita
399 2507 620 2572 lapidem,
643 2521 692 2556 ut
712 2524 799 2557 non
816 2512 991 2569 sentiat,
1007 2512 1133 2557 istam
1149 2513 1329 2572 gratiam
1348 2528 1436 2559 non
1460 2510 1702 2559 secundum

371 2592 509 2626 ¹Ezech.
528 2602 579 2636 πυ,
603 2604 653 2635 ¹9·
672 2587 714 2619 —'
728 2593 743 2618 ²
759 2595 806 2628 1d.
824 2604 937 2635 xxxvi,
954 2606 1012 2637 υ,
1031 2600 1063 2627 et
1081 2605 1170 2638 seqq.
