1843 3190
322 309 414 364 204
742 323 779 354 s.
821 319 1066 353 AUGUSTINI
1101 320 1308 353 Erlscom

322 390 425 435 nino
450 406 538 436 non
560 392 790 453 poterant?
819 388 906 434 Ubi
923 388 1051 434 etiam
1076 389 1228 452 ponis,
1259 389 1362 454 quia
1385 400 1426 436 et
1448 390 1536 438 vita
1569 408 1693 438 care-

319 460 457 515 bunt,
482 460 687 523 quoniam
712 477 798 504 non
819 458 1195 504 manducaverunt
1223 477 1397 505 carnem
1417 497 1427 517 ‚
1456 478 1534 506 nec
1563 460 1694 506 bibe-

318 541 421 575 runt
457 530 708 589 sanguinem
741 529 821 574 filii
856 528 1106 574 hominis1?
1151 529 1275 575 Unde
1314 530 1538 590 Pelagius,
1573 531 1694 593 quod

315 617 446 662 supra
466 599 824 655 commemoravi,
852 616 921 644 eos
941 598 1018 661 qui
1041 597 1194 643 dicunt
1216 616 1226 643 :
1253 620 1273 641 <c
1293 598 1500 656 Infantes,
1524 600 1691 646 etiamsi

318 687 408 716 non
423 670 701 735 baptizentur
718 708 729 727 ‚
757 670 918 715 habere
945 669 1077 715 vitam
1102 680 1305 715 aeternam
1322 708 1333 727 ‚
1361 692 1380 712 n
1404 671 1450 716 in
1477 670 1694 716 ecclesias-

321 740 615 800 tico2judicio
641 741 724 786 nisi
749 740 1019 796 damnasset,
1043 739 1274 786 damnatus
1296 742 1457 787 exisset.
1489 741 1694 800 QuaJus-

320 811 443 866 titia,
466 827 643 873 quaeSO,
679 829 702 855 a
736 828 866 870 regno
896 811 1005 866 Dei,
1037 828 1060 855 3
1090 811 1175 855 vita
1205 811 1285 856 Dei
1319 811 1528 856 alienatur
1553 812 1694 870 imago

321 881 430 936 Dei,
461 881 506 925 in
528 881 648 926 nullo
676 891 928 940 transgressa
946 880 1081 939 legem
1103 880 1213 925 Dei?
1234 881 1388 926 Nonne
1409 880 1531 926 audis
1548 898 1696 944 quem-

322 950 558 996 admodum
579 950 811 996 detestatur
828 950 1061 1013 Apostolus
1080 950 1291 1012 quosdam
1305 987 1315 1006 ‚
1338 967 1446 1014 quos
1468 950 1575 996 dicit
1595 951 1695 996 alie-

319 1030 443 1065 natos
465 1038 486 1065 a
505 1020 595 1066 vita
608 1020 687 1065 Dei
711 1037 789 1083 per
809 1020 1099 1080 ignorantiam
1114 1036 1214 1083 quae
1235 1030 1297 1065 est
1313 1020 1360 1065 in
1379 1020 1486 1076 illis,
1514 1031 1696 1083 propter

321 1091 560 1136 caecitatem
585 1090 728 1136 cordis
749 1107 899 1136 eorum
914 1090 965 1136 3)
998 1091 1236 1135 Tenebitur
1260 1090 1345 1135 hac
1369 1090 1577 1135 sententia
1607 1108 1695 1136 non

319 1161 567 1224 baptizatus
589 1160 797 1224 parvulus
811 1198 822 1216 ‚
844 1179 897 1206 an
915 1178 1003 1206 non
1022 1161 1274 1206 tenebitur?
1299 1160 1345 1205 Si
1369 1160 1557 1206 dixeritis
1575 1197 1585 1215 ‚
1607 1177 1696 1205 non

323 1233 539 1277 tenebitur
574 1249 585 1276 ι
628 1233 691 1277 Ev
681 1232 888 1310 angelica
933 1232 1137 1287 veritate,
1177 1231 1327 1291 lingua
1362 1231 1492 1276 etiam
1531 1231 1696 1291 Pelagii

321 1313 450 1357 teste,
478 1302 711 1348 vincemini
730 1314 860 1366 atque
882 1302 1136 1379 puniemini.
1164 1301 1252 1346 Ubi
1269 1312 1330 1347 est
1347 1301 1462 1346 enim
1485 1302 1573 1347 vita
1592 1302 1687 1357 Dei,

322 1373 401 1417 nisi
428 1372 473 1417 in
495 1389 625 1432 legno
651 1372 729 1417 Dei
742 1389 862 1435 ,quo
881 1371 961 1417 nisi
981 1371 1117 1417 renati
1141 1388 1188 1417 ex
1207 1388 1319 1434 aqua
1341 1381 1382 1415 et
1407 1371 1590 1433 spiritu,
1620 1371 1694 1415 in-

319 1452 431 1487 trare
449 1407 797 1505 1101“1b'.possuntl⁸
787 1445 805 1477 ’ὸ
832 1441 878 1487 Si
895 1451 1038 1486 autem
1058 1441 1278 1496 dixeritis,
1300 1440 1556 1486 tenebitur·
1581 1439 1694 1485 fate-

320 1511 427 1557 mini
458 1528 633 1575 poenam
652 1547 664 1567 ‚
691 1511 868 1574 culpam
892 1510 1052 1564 dicite;
1074 1509 1270 1556 fatemini
1290 1509 1584 1573 supplicium,
1606 1526 1695 1554 me-

318 1581 451 1627 ritum
489 1581 634 1628 dicite.
678 1581 801 1628 Nihil
834 1581 880 1627 in
912 1591 1051 1628 vestro
1081 1580 1283 1641 dogmate
1317 1579 1513 1643 reperitis
1534 1617 1545 1636 ,
1574 1579 1696 1642 quod

318 1650 510 1714 proferre
530 1651 716 1715 possitis.
740 1651 763 1696 J
771 1669 836 1696 am
854 1651 987 1711 igitur
1005 1650 1260 1715 aliquando,
1277 1650 1310 1695 si
1329 1650 1440 1695 ullus
1459 1660 1521 1695 est
1539 1649 1696 1694 Chris-

319 1723 459 1768 tianus
493 1739 638 1767 sensus
668 1721 712 1767 in
745 1721 869 1768 vobis
890 1758 901 1778 ,
945 1723 1075 1767 etiam
1108 1721 1154 1767 in
1186 1719 1379 1784 parvulis
1407 1719 1695 1783 propaginem

317 1793 470 1838 mortis
492 1803 533 1837 et
555 1791 844 1838 damnationis
866 1792 1105 1852 agnoscite,
1141 1791 1289 1837 debita
1307 1790 1478 1850 justitia
1503 1789 1694 1852 punien-

317 1861 418 1907 dam
435 1898 445 1918 ,
472 1862 602 1922 gratis
620 1862 758 1921 gratia
782 1862 859 1907 Dei
879 1861 1166 1908 liberandam.
1198 1863 1251 1906 In
1274 1876 1463 1924 quorum
1486 1859 1688 1922 redemp-

321 1932 432 1977 tione
455 1931 625 1977 laudari
642 1931 723 1976 Dei
742 1931 1036 1977 misericordia
1054 1941 1221 1995 potest,
1255 1931 1302 1976 in
1329 1946 1516 1993 quorum
1540 1928 1692 1992 perdi--

318 2002 431 2048 tione
453 2003 647 2048 accusari
672 2002 752 2048 Dei
786 2002 942 2048 veritas
979 2019 1066 2047 non
1089 2012 1232 2065 potest
1255 2019 1266 2046 :
1305 2022 1325 2043 α.
1346 2001 1461 2056 Quia
1479 2000 1694 2046 universae

318 2095 339 2115 »
356 2073 438 2119 viae
463 2073 639 2118 Domini
663 2073 956 2118 misericordia
979 2083 1020 2117 et
1040 2071 1240 2119 veritas5.
1265 2092 1285 2113 ›>

378 2144 539 2190 XXVI.
582 2144 752 2189 Dividis
770 2181 781 2199 ‚
808 2143 960 2189 definis
978 2180 989 2198 ‚
1024 2142 1194 2188 disseris
1218 2141 1343 2205 quasi
1378 2139 1694 2186 medicinaliter

316 2215 370 2261 de
393 2232 542 2275 genere
560 2252 571 2271 ‚
606 2225 648 2260 et
664 2214 806 2278 specie
824 2251 835 2270 ‚
866 2225 908 2259 et
934 2213 1063 2260 modo
1084 2251 1095 2270 ‚
1120 2223 1162 2258 et
1183 2224 1354 2258 excessu
1374 2211 1694 2274 concupiscen-

316 2285 418 2338 tiae3
455 2307 474 2326 «
497 2286 639 2346 Hujus
677 2302 809 2346 genus
846 2302 931 2330 esse
969 2300 1155 2330 asserens
1192 2283 1238 2328 in
1268 2283 1366 2342 igne
1402 2281 1552 2337 vitali,
1594 2298 1693 2344 spe-

316 2354 424 2400 ciem
444 2355 489 2399 in
510 2367 631 2401 motu
650 2355 822 2415 genitali
841 2392 852 2412 ,
882 2354 1061 2401 modum
1082 2354 1126 2399 in
1143 2370 1272 2417 opere
1288 2351 1532 2411 conjugali,
1554 2367 1693 2396 exces-

317 2442 411 2471 sum
436 2426 478 2471 in
502 2426 836 2489 intemperantia
855 2424 1101 2472 fornicandi
1121 2440 1133 2469 ε
1155 2446 1175 2466 »
1202 2434 1243 2469 et
1276 2433 1419 2468 tamen
1438 2431 1537 2485 post
1567 2420 1693 2466 istam

316 2506 450 2541 totam
464 2496 585 2560 quasi
601 2496 805 2543 subtilem
823 2506 951 2559 atque
964 2494 1176 2558 prolixam
1191 2490 1530 2556 disputationem
1551 2500 1687 2546 tuam,

362 2597 371 2618 ¹
390 2599 482 2629 Joan.
504 2609 546 2637 vi,
569 2599 624 2633 54.
646 2615 685 2624 -ν-
701 2595 965 2640 ‘²Diospolitan0.
985 2613 1029 2619 —
1047 2592 1062 2616 3
1078 2593 1194 2638 Ephes.
1217 2604 1261 2633 xv,
1281 2593 1381 2625 18.—
1397 2589 1411 2615 ⁴
1427 2594 1523 2626 Joan.
1542 2601 1594 2635 ιιι,
1612 2590 1691 2622 5.-

313 2652 327 2675 5
349 2651 430 2686 Psal.
448 2664 537 2693 xx1v,
561 2664 614 2685 10.
