1843 3190
382 255 468 302 136
795 271 830 301 s.
873 270 1117 301 AUGusrml
1154 270 1357 302 EP1scor1

377 336 430 381 tis
448 335 559 381 enim
581 353 591 381 ε
618 356 636 377 α
658 336 745 382 Nos
763 335 986 382 asserendo
1006 336 1212 396 originale
1232 346 1461 399 peccatum
1484 374 1495 393 ,
1525 336 1754 383 diabolum

378 407 520 453 dicere
547 407 778 452 hominum
800 406 1071 451 nascentium
1090 407 1360 452 conditorem
1375 443 1386 462 ‚
1410 407 1616 453 damnare
1642 425 1754 471 nup-

378 478 480 532 tius‚
506 494 659 536 negare
682 477 727 522 in
750 476 970 539 baptismo
990 476 1152 521 dimitti
1178 478 1375 522 universa
1399 488 1596 539 peccata,
1615 479 1756 522 Deum

380 547 560 593 crimine
594 546 834 609 iniquitatis
872 563 1073 605 arguere,
1110 546 1449 609 desperationem
1475 546 1754 610 perfectionis
1794 542 1796 557 ³

376 618 581 676 ingerere.
604 638 624 658 »
644 618 751 661 Haec
775 617 942 679 quippe
966 616 1112 661 omnia
1139 618 1448 680 consequentia
1476 635 1560 662 csse
1579 627 1757 662 conten-

380 687 499 741 ditis,
522 687 555 731 si
576 686 801 731 credamus
825 687 941 731 nasci
968 686 1174 748 parvulos
1206 697 1384 748 peccato
1410 687 1539 749 primi
1568 685 1759 731 hominis
1794 678 1797 691 ¹

382 757 610 816 obligatos,
637 767 678 801 et
701 756 759 800 ol)
783 756 869 800 lioc
902 773 989 800 esse
1018 756 1099 800 sub
1126 756 1304 801 diabolo
1328 795 1338 812 ‚
1372 757 1452 801 nisi
1480 767 1760 801 renascantur

380 828 425 872 in
444 827 635 872 Christo.
661 826 909 870 «Diabolus
933 826 1046 870 enim
1076 837 1218 881 creat,
1243 826 1404 881 dicitis,
1433 827 1465 871 si
1491 844 1537 871 ex
1563 827 1650 871 hoc.
1665 825 1761 871 vul·
1806 855 1810 859 -

380 913 480 941 nere
505 906 723 949 creantur,
741 895 859 957 quod
875 895 1077 939 diabolus
1096 906 1284 951 naturae,
1313 912 1412 958 quae
1434 896 1629 958 primum
1649 912 1761 941 con-

380 965 471 1010 dita
492 975 576 1021 est,
601 964 758 1009 inflixit
779 964 1014 1010 humanae:
1042 975 1084 1009 et
1107 964 1374 1011 damnantur
1402 965 1570 1028 nuptiae
1588 1003 1599 1021 ‚
1624 965 1657 1010 si
1683 965 1758 1011 ali-

382 1035 490 1100 quid
514 1035 629 1081 unde
662 1034 931 1081 damnabiles
967 1046 1251 1094 generantur,
1286 1036 1450 1081 habere
1487 1035 1759 1081 creduntur:

383 1126 463 1154 nec
492 1107 637 1153 onmia
660 1118 838 1171 peccata
868 1107 1152 1153 dimittuntur
1173 1109 1219 1153 in
1237 1108 1481 1170 baptismo,
1510 1110 1544 1154 si
1576 1107 1760 1171 aliquod

383 1180 429 1225 in
452 1178 683 1242 baptizatis
707 1179 970 1239 conjugibus
997 1189 1190 1225 remanet
1227 1179 1390 1224 malum
1408 1216 1419 1235 ,
1450 1196 1497 1224 ex
1517 1196 1604 1242 quo
1632 1196 1763 1239 gene-

385 1260 538 1294 rentur
557 1247 674 1295 mali.
699 1248 1083 1304 Quemadmodum
1099 1259 1239 1294 autem
1263 1266 1348 1294 non
1367 1259 1428 1294 est
1442 1249 1617 1312 iniquus
1629 1251 1761 1305 Deus,

389 1319 464 1381 qui
488 1335 588 1363 cum
612 1318 843 1381 baptizatis
869 1319 1061 1364 remittat
1094 1329 1273 1383 peccata
1300 1319 1505 1382 propria,
1530 1318 1764 1382 parvulum

388 1390 585 1445 damnat,
611 1389 713 1452 quia
730 1406 832 1434 cum
855 1390 911 1434 ab
930 1390 1007 1436 illo
1030 1400 1246 1435 crearetur
1264 1427 1274 1444 ,
1298 1390 1489 1435 nesciens
1516 1406 1597 1435 nec
1621 1389 1767 1435 volens

389 1462 517 1505 etiam
538 1477 584 1504 ex
607 1459 691 1504 illis
714 1460 970 1522 parentibus
987 1498 997 1517 ‚
1029 1462 1191 1523 quibus
1214 1461 1389 1505 remissa
1415 1460 1587 1505 fuerant
1607 1497 1618 1516 ‚
1640 1460 1768 1506 traxit

389 1529 527 1575 aliena
550 1532 568 1574 Ξ)
593 1530 682 1574 Nec
705 1528 860 1586 virtus,
888 1530 959 1575 cui
980 1530 1187 1576 vitiositas
1204 1529 1460 1589 intelligitur
1483 1547 1568 1575 esse
1590 1540 1768 1575 contra-

389 1601 452 1645 ria
466 1637 475 1655 ,
500 1598 623 1662 po'sse
647 1599 840 1644 creditur
855 1600 1037 1662 perfici3
1069 1601 1171 1664 quia
1192 1601 1438 1659 ingenerata
1458 1599 1563 1646 vitia
1582 1598 1768 1645 incredi-

391 1670 480 1715 bile
516 1680 578 1714 est
601 1687 724 1733 posse
760 1671 988 1715 consumi:
1018 1688 1119 1734 quae
1145 1674 1237 1730 jam
1274 1686 1353 1715 nec
1374 1669 1479 1714 vitia
1515 1669 1769 1732 deputanda

393 1751 506 1786 sunt.
540 1741 638 1785 Non
662 1741 775 1786 enim
800 1750 975 1804 peccat,
1003 1742 1079 1804 qui
1107 1758 1194 1786 non
1218 1751 1359 1804 potest
1388 1739 1609 1785 aliudesse
1635 1755 1768 1803 quam

393 1821 559 1856 creatus
585 1820 658 1857 est.
680 1832 699 1852 >³

460 1882 542 1927 ΠΙ.
586 1881 695 1926 Haec
719 1881 751 1926 si
789 1881 908 1926 fideli
942 1880 1161 1941 diligentia
1180 1880 1451 1943 quaereretiS,
1488 1896 1568 1925 nec
1599 1896 1645 1925 ea
1668 1895 1769 1942 quae

394 1950 626 1997 catholicae
650 1950 752 1996 fidei
768 1950 946 1996 veritate
967 1962 1096 2014 atque
1113 1950 1370 2013 antiquitate
1392 1949 1578 1995 fundata
1597 1959 1696 1994 sunt
1710 1949 1772 1994 in-

397 2021 515 2067 fideli
539 2021 850 2084 oppugnaretis
876 2021 1054 2066 audacia
1075 2041 1086 2075 ;
1112 2021 1156 2066 in
1188 2038 1235 2066 ea
1260 2038 1358 2083 quae
1389 2019 1646 2065 abscondita
1671 2029 1773 2064 sunt

397 2091 668 2154 sapientibus
691 2101 730 2135 et
757 2090 1050 2154 prudentibus
1068 2128 1078 2147 ‚
1107 2101 1148 2136 et
1173 2091 1360 2136 revelata
1389 2101 1488 2136 sunt
1512 2089 1706 2153 parvulis
1722 2089 1740 2118 1
1756 2126 1768 2147 ‚

398 2160 553 2206 nutriti
590 2160 755 2205 Christi
797 2161 932 2220 gratia
961 2161 1173 2208 veniretis.
1219 2162 1358 2207 Multa
1390 2161 1505 2206 euim
1536 2159 1772 2205 multitudo

397 2230 642 2276 dulcedinis
659 2231 836 2275 Domini
852 2268 862 2286 ‚
888 2247 1021 2294 quam
1041 2232 1238 2294 profecto
1262 2248 1351 2276 non
1370 2230 1548 2285 invidit,
1570 2240 1611 2275 et
1630 2240 1774 2275 tamen

401 2300 629 2347 abscondit
653 2301 906 2347 timentibus
937 2319 1060 2358 eum,
1085 2301 1264 2365 perfecit
1289 2314 1432 2348 autem
1463 2300 1740 2364 sperantibus
1757 2336 1769 2357 ,

400 2389 489 2418 non
506 2373 551 2416 in
570 2388 612 2416 se
634 2371 753 2434 ipsis,
782 2371 855 2416 sed
875 2373 920 2418 in
943 2390 1008 2419 eo.
1037 2373 1125 2418 Nos
1137 2390 1235 2432 ergo
1254 2372 1442 2418 dicimus
1462 2370 1582 2434 quod
1600 2388 1646 2416 ea
1668 2370 1775 2416 fides

398 2441 560 2495 habet,
605 2439 658 2485 de
680 2457 767 2504 qua
801 2442 1026 2505 Scriptum
1062 2452 1156 2499 est,
1192 2464 1211 2484 c<
1235 2442 1326 2488 Nisi
1361 2441 1659 2498 credideritis,
1686 2457 1775 2486 non

402 2534 422 2556 ›>
444 2511 743 2572 intelligetis2:
762 2532 782 2553 »
803 2514 892 2559 Nec
907 2512 1133 2559 diabolum
1149 2550 1159 2569 ,
1180 2513 1253 2559 sed
1274 2514 1413 2559 Deum
1436 2530 1586 2559 verum
1611 2522 1652 2559 et
1676 2527 1775 2560 vere

449 2596 459 2619 ¹
479 2594 594 2629 Malth.
618 2604 664 2637 xi,
681 2595 735 2635 25,
752 2600 784 2628 et
797 2595 877 2630 Psal.
897 2606 973 2635 xxx,
990 2605 1040 2631 20.
1055 2614 1099 2621 —
1116 2594 1131 2618 ²
1147 2597 1220 2631 lsai.
1242 2609 1301 2642 vu,
1323 2608 1355 2639 9,
1372 2598 1463 2641 juxta
1479 2607 1554 2629 Lxx.
