1843 3190
370 228 462 283 246
788 246 822 275 ιτ.
867 244 1110 276 Aucrsrml
1145 245 1347 275 Eriscom
1802 291 1803 294 Ἰ

366 325 454 353 non
471 318 669 356 utuntur.
697 310 794 356 Hoc
814 309 943 368 igitur
961 320 1125 356 utentes
1142 314 1343 368 conjuges
1358 346 1368 364 ,
1392 327 1471 355 nec
1487 309 1570 372 ipsi
1587 309 1736 372 utique
1802 315 1808 344 -'

365 378 507 435 hono,
535 378 607 424 sed
628 379 741 424 malo
759 380 869 427 bene
887 390 1084 426 utuntur.
1116 380 1306 425 Proinde
1336 390 1424 425 tota
1448 381 1738 426 controversia
1802 384 1805 416 ἱ

364 465 453 495 non
474 449 707 503 remansit,
730 449 791 512 (si
813 460 955 494 tamen
972 451 1176 495 remansit
1199 450 1338 512 aliqua
1357 451 1399 511 ‚)
1424 449 1504 494 nisi
1528 460 1672 494 utrum
1691 449 1738 494 in
1802 467 1804 471 ’

361 519 420 564 eis
448 519 523 581 qui
545 519 854 565 continentiam
889 521 982 566 Deo
1006 531 1245 574 voverunt,
1283 520 1448 564 bonum
1485 519 1539 564 sit
1576 520 1655 564 ista
1683 518 1738 564 de
1802 543 1806 585 ss

360 604 448 650 qua
471 587 748 650 disputamus
765 590 1117 652 concupiscentia
1139 590 1279 635 carnis
1298 626 1308 644 ‚
1332 607 1386 634 an
1405 589 1584 636 malum.
1604 589 1738 644 Quod
1802 590 1805 634 J

356 657 472 702 enim
488 657 649 703 horum
663 658 851 704 duorum
865 670 1082 723 repertum
1096 660 1140 706 in
1151 660 1219 705 his
1234 658 1381 714 fuerit,
1399 659 1482 704 hoc
1497 670 1537 704 et
1556 659 1601 704 in
1624 675 1735 704 con-

354 727 536 786 jugibus
546 728 776 790 apparebit
792 746 802 773 :
821 730 1026 791 quoniam
1043 729 1211 790 hoc-'illi
1229 730 1338 773 bene
1353 739 1552 784 utuntur,
1564 745 1651 790 quo
1670 728 1737 773 isti
1804 784 1806 791 ¹,

356 796 512 842 melius
543 813 631 841 non
657 808 854 843 utuntur.
882 799 1049 857 Collige
1077 799 1224 861 itaque
1255 808 1365 843 totas
1395 799 1503 843 vires
1533 797 1648 843 acuti
1674 798 1738 847 tui
1804 799 1807 819 ³*

358 865 503 910 cordis
519 902 530 920 ‚
569 883 618 911 ac
652 866 802 913 liberae
832 868 1012 923 frontis,
1038 879 1078 913 et
1103 868 1213 913 aude
1244 867 1504 930 respondere
1526 869 1560 913 si
1584 878 1733 930 potes,

355 934 443 980 hoc
469 935 635 981 bonum
658 953 746 982 esse
761 974 772 990 ‚
801 938 898 993 cui,
925 938 1039 983 sicut
1056 938 1169 984 libro
1187 939 1405 1000 superiore
1429 938 1645 983 confessus
1664 954 1706 987 es
1722 975 1733 993 ‚

355 1025 378 1046 α
402 1006 709 1067 Apostolorum
744 1007 854 1067 legio
898 1009 1158 1070 repugnavit
1180 1026 1190 1053 t
1212 1008 1364 1053 »mihi
1391 1008 1558 1053 scilicet
1587 1024 1736 1070 expro-

355 1075 534 1131 brans1‚
553 1077 671 1138 quod
700 1079 899 1124 «Tantas
927 1096 1014 1124 esse
1043 1079 1220 1124 dixerim
1248 1078 1442 1123 libidinis
1473 1078 1605 1133 vires,
1630 1087 1677 1122 ut
1699 1079 1738 1122 ei
1804 1114 1806 1124 ,

354 1161 436 1190 nec
463 1146 770 1208 Apostolorum
808 1148 920 1207 legio
954 1149 1287 1211 repugnaverit:
1312 1170 1329 1189 >1
1357 1164 1458 1193 cum
1492 1147 1636 1209 potius
1656 1164 1736 1209 pro

354 1230 484 1259 causa
523 1232 618 1261 mea
648 1216 805 1273 faciat,
832 1219 933 1280 quia
971 1219 1011 1263 ei
1045 1218 1158 1264 malo
1188 1218 1307 1281 quod
1333 1230 1379 1263 tu
1403 1217 1569 1262 bonum
1596 1216 1705 1262 dicis
1722 1253 1732 1272 ‚

356 1305 378 1326 «
397 1284 529 1344 Legio
548 1306 569 1326 2>
592 1303 681 1331 non
701 1287 1093 1351 qualiumcumque
1116 1298 1367 1334 sanctorum
1384 1324 1395 1343 ,
1437 1286 1510 1332 sed
1542 1287 1738 1349 ipsorum

355 1371 532 1417 quoque
557 1376 577 1396 ε(
598 1357 878 1419 Repugnavit
901 1358 1223 1420 Apostolorum.
1250 1378 1271 1398 >>
1299 1357 1381 1401 Cui
1416 1355 1528 1400 malo
1566 1365 1737 1400 tantum

355 1424 484 1470 licere
503 1442 627 1487 posse
646 1462 656 1481 ,
681 1427 779 1489 quis
801 1427 996 1473 crederet
1013 1463 1023 1481 ‚
1050 1438 1099 1472 ut
1121 1428 1203 1472 sibi
1234 1426 1504 1472 laudatorem
1528 1424 1655 1470 etiam
1683 1423 1737 1469 de

357 1496 444 1542 suis
461 1499 830 1559 expugnatoribus
856 1500 1137 1562 provideret?
1172 1499 1297 1545 Absit
1331 1497 1507 1560 quidem
1523 1532 1534 1551 ‚
1561 1506 1610 1541 ut
1631 1496 1739 1542 anti-

356 1582 547 1628 quorum
568 1567 754 1630 aliquem
775 1569 843 1614 vel
872 1569 1178 1632 Apostolorum
1197 1604 1207 1624 ,
1239 1567 1305 1614 vel
1324 1582 1598 1629 quorumque
1618 1582 1739 1611 sanc-

358 1647 503 1682 torum
525 1654 535 1681 :
560 1638 817 1684 mirabiliter
849 1650 992 1685 tamen
1008 1676 1019 1694 ‚
1046 1641 1148 1702 quia
1181 1638 1246 1684 vel
1269 1653 1535 1701 quemquam
1557 1635 1739 1680 haereti»

357 1722 512 1754 corum
540 1723 755 1752 novorum
773 1743 784 1763 ‚
813 1709 889 1771 qui
905 1708 1033 1754 simul
1054 1719 1288 1770 utrumque
1309 1724 1351 1751 se
1374 1723 1459 1751 csse
1482 1706 1739 1768 profiteatur

358 1776 740 1839 inexplicabilibus
763 1779 924 1834 modis,
967 1791 1303 1842 expugnatorem
1337 1776 1501 1822 scilicet
1536 1775 1735 1821 defenso*

356 1863 536 1908 remque
558 1846 778 1901 libidinis;
802 1860 845 1893 et
867 1859 1048 1894 conetur
1065 1849 1286 1895 ostendere
1313 1863 1488 1892 manens
1514 1846 1559 1890 in
1582 1845 1737 1891 haeresi

361 1915 592 1974 Pelagiana
606 1954 617 1972 ‚
643 1927 685 1962 et
715 1935 764 1962 ex
793 1919 936 1964 animo
955 1936 997 1964 se
1016 1919 1192 1965 laudare
1211 1917 1329 1980 quod
1349 1917 1494 1978 ipsum
1515 1919 1604 1974 ejus
1638 1914 1736 1959 ani-

359 2002 482 2034 mum
517 1987 599 2031 nisi
627 1999 898 2050 expugnetur
933 1989 1118 2045 occidit,
1157 2000 1199 2034 et
1233 2006 1280 2034 ex
1315 1987 1458 2032 animo
1494 2001 1737 2047 expugnare

359 2055 478 2118 quod
509 2061 600 2115 ejus
618 2057 775 2117 dogma
803 2059 884 2104 nisi
909 2059 1112 2106 laudetur
1134 2058 1336 2104 absumit.

426 2129 484 2172 X.
520 2127 662 2186 Rogo,
691 2129 725 2173 si
745 2139 808 2174 est
832 2130 877 2174 iu
900 2130 1024 2175 vobis
1050 2130 1162 2175 ullus
1182 2145 1326 2175 sensus
1352 2127 1594 2181 humanm,
1630 2141 1737 2170 num

361 2205 505 2257 potest
525 2207 569 2241 et
587 2197 748 2242 malum
767 2215 854 2244 esse
876 2210 1126 2262 peccatum,
1150 2209 1192 2244 et
1214 2199 1380 2243 bonum
1397 2194 1737 2240 essedesiderare

361 2270 619 2327 peccatum?
650 2268 768 2323 Quid
798 2270 913 2314 enim
943 2271 1030 2329 agit
1062 2275 1107 2315 in
1145 2285 1274 2315 carne
1310 2276 1557 2312 sanctorum
1591 2265 1736 2310 conti-

362 2335 558 2381 nentium
595 2337 674 2381 ista
704 2340 1056 2402 concupiscentia
1081 2376 1091 2394 ‚
1132 2338 1212 2384 nisi
1251 2335 1462 2400 peccandi
1499 2333 1733 2387 desideria3

358 2404 522 2467 quibus
558 2422 646 2449 non
675 2409 1020 2454 consentientes«
1052 2410 1276 2462 Exercent,
1300 2416 1348 2450 ut
1372 2403 1605 2459 confiteris,
1646 2403 1736 2463 glo-

361 2474 474 2518 riosa
502 2473 767 2519 certamina?
803 2498 823 2517 t)
851 2478 999 2539 Neque
1022 2477 1135 2523 enim
1160 2475 1308 2522 saltem
1329 2472 1541 2521 connubii
1565 2472 1735 2519 deside·—

409 2554 420 2576 ἱ
438 2554 508 2588 Lib.
531 2556 560 2587 3.
580 2565 649 2598 cap.
664 2556 720 2588 ult.
744 2567 777 2590 n.
795 2559 849 2591 65.
