1843 3190
322 326 418 391 474
733 347 768 375 5.
811 345 1055 376 3000511111
1090 346 1291 377 ΕΡ150οΡ1

323 408 357 453 51
381 409 561 468 gratiam
583 409 642 454 sic
669 422 969 474 susceperunt,
989 422 1036 457 ut
1050 412 1275 476 propriam
1298 412 1527 475 perderent
1544 412 1700 458 volun-

323 484 486 524 tatem?
511 480 674 524 Tamen
703 498 756 526 ne
786 482 880 545 ipsa
905 482 1103 528 voluntas
1137 484 1226 528 sine
1257 483 1394 542 gratia
1421 484 1498 528 Dei
1521 494 1700 546 putetur

324 548 432 594 boni
451 549 615 614 aliquid
639 568 786 614 posse,
815 553 1026 616 00011000
1041 571 1141 599 0001
1166 554 1335 599 dixisset
1357 589 1366 607 ‚
1397 575 1417 594 (ι
1438 554 1588 599 Gratia
1609 557 1700 613 ejus

326 620 401 665 1110
419 635 486 665 me
505 638 642 668 vacua
659 639 747 667 non
764 623 865 679 fuit,
893 624 965 669 sed
982 625 1082 687 plus
1108 624 1313 670 omnibus
1332 623 1416 669 illis
1436 624 1633 670 laboravi
1651 641 1662 669 z
1681 646 1701 666 »

325 691 548 752 subjunxit
578 704 707 757 atque
741 694 801 739 ait
825 732 836 751 ‚
871 716 891 735 <a
915 697 1013 741 Non
1048 713 1125 756 ego
1151 706 1294 741 autem
1317 732 1329 751 ‚
1356 695 1425 740 sed
1456 695 1591 755 gratia
1619 694 1703 740 Dei

327 778 527 807 »mecum
549 758 567 791 1
591 780 601 808 ε
629 785 649 804 11
670 763 715 808 id
738 774 814 818 est,
848 782 933 810 non
960 766 1074 810 solus
1093 802 1104 820 ‚
1133 765 1204 810 sed
1223 766 1358 824 gratia
1382 765 1461 810 Dei
1491 782 1659 810 meeum
1687 782 1698 810 z

327 848 376 876 ac
403 849 480 894 per
497 829 582 878 hoc
607 851 686 879 nec
715 834 848 893 gratia
873 836 954 880 Dei
977 835 1079 890 sola,
1100 851 1178 880 nec
1208 835 1299 898 ipse
1318 834 1448 889 solus,
1473 834 1544 879 sed
1569 835 1703 894 gratia

327 900 407 946 Dei
425 919 526 947 cum
546 903 636 950 illo.
667 905 727 951 Ut
744 915 886 950 autem
909 905 962 950 de
979 905 1092 951 coelo
1111 916 1359 961 vocaretur,
1387 915 1429 949 et
1443 915 1531 949 tam
1548 920 1703 964 magna

324 982 365 1016 et
387 972 679 1019 efficacissima
710 975 934 1021 vocatione
959 986 1281 1022 converteretur
1302 1014 1313 1032 ‚
1344 975 1480 1036 gratia
1510 975 1590 1020 Dei
1612 985 1705 1021 erat

327 1041 438 1097 sola3
464 1044 566 1106 quia
590 1045 740 1090 merita
765 1050 856 1106 ejus
888 1057 1010 1092 erant
1037 1065 1192 1107 magna
1210 1084 1221 1103 ‚
1254 1046 1327 1093 sed
1348 1045 1476 1091 mala.
1507 1046 1704 1109 Denique

326 1124 366 1159 et
388 1114 494 1160 alibi
511 1115 618 1162 dicit
641 1115 697 1162 311
722 1117 1003 1164 Timotheum
1030 1137 1040 1164 z
1079 1139 1101 1160 «
1117 1118 1352 1166 Collabora
1378 1116 1612 1177 Evangelio
1634 1134 1704 1162 se·-

328 1205 350 1225 ›>
366 1184 561 1231 eundum
571 1187 772 1232 virtutem
784 1189 866 1234 Dei
885 1189 1023 1234 salvos
1040 1206 1116 1234 nos
1133 1188 1347 1245 facientis,
1363 1198 1404 1233 et
1420 1187 1613 1234 vocantis
1629 1203 1704 1234 vo-

331 1257 529 1303 »catione
550 1275 626 1303 sua
650 1270 818 1315 sancta,
837 1278 924 1305 non
946 1260 1183 1306 5000011001
1197 1278 1326 1323 opera
1349 1270 1512 1315 nostra,
1540 1258 1611 1304 sed
1635 1276 1704 1303 se-

328 1346 347 1366 »
359 1327 553 1372 0011110111
575 1345 699 1374 50001
712 1331 989 1394 propositum
1003 1341 1038 1377 et
1055 1331 1257 1390 gratiam,
1277 1347 1377 1393 quae
1392 1329 1491 1374 data
1501 1339 1562 1374 est
1576 1328 1705 1374 nobis

328 1397 405 1442 »in
437 1398 614 1445 Christo
640 1404 737 1445 Jesu
753 1398 818 1447 ².»
843 1403 952 1446 Item
972 1401 1124 1446 merita
1153 1414 1227 1446 503
1248 1437 1258 1456 ,
1296 1400 1368 1445 sed
1388 1399 1498 1444 mala
1519 1415 1706 1444 comme-

326 1485 500 1514 morans
516 1469 653 1516 dicit:
689 1493 706 1512 t(
736 1472 914 1517 Fuimus
940 1471 1055 1517 enim
1089 1471 1211 1516 stulti
1229 1481 1271 1516 et
1295 1488 1374 1516 nos
1406 1469 1638 1532 aliquando
1664 1479 1706 1514 et

324 1537 565 1596 increduli,
601 1552 812 1597 errantes,
847 1542 1074 1588 servientes
1097 1541 1317 1588 desideriis
1343 1550 1385 1585 et
1404 1539 1705 1602 voluptatibus

328 1630 348 1650 11
364 1610 509 1666 variis,
528 1611 571 1656 in
594 1612 758 1658 malitia
774 1623 816 1658 et
839 1613 1003 1658 invidia
1025 1623 1211 1672 agentes,
1235 1610 1566 1662 abominabiles,
1586 1610 1704 1656 invi-

327 1701 348 1722 11
364 1698 457 1726 cem
481 1682 580 1728 odio
605 1684 816 1729 habentes
832 1684 864 1730 3.
890 1706 910 1726 11
939 1685 1059 1740 Quid
1072 1684 1161 1729 istis
1177 1694 1264 1728 tam
1290 1682 1415 1727 malis
1438 1681 1600 1727 meritis
1624 1681 1703 1726 nisi

326 1768 460 1814 poena
497 1753 647 1816 utique
679 1754 958 1799 debebatur?
995 1754 1079 1799 Sed
1118 1755 1208 1798 Deo
1241 1752 1448 1798 reddente
1485 1751 1599 1811 bona
1622 1766 1703 1814 pro

324 1820 464 1877 malis,
487 1839 565 1885 per
591 1824 771 1883 gratiam
796 1841 895 1887 quae
918 1841 1007 1869 non
1035 1823 1275 1869 secundum
1299 1822 1450 1868 merita
1468 1821 1613 1866 nostra
1629 1821 1704 1867 113-

324 1898 395 1936 tur
412 1929 423 1947 ‚
448 1892 614 1939 facttum
641 1906 704 1939 est
732 1895 849 1958 quod
883 1894 1041 1940 deinde
1062 1894 1287 1954 subjungit
1310 1904 1352 1938 et
1377 1892 1517 1947 dicit,
1544 1913 1564 1933 (ε
1591 1892 1703 1938 Cum

324 1983 344 2004 ›>
367 1973 509 2009 autem
525 1965 768 2025 benignitas
803 1977 845 2011 et
876 1966 1125 2012 humanitas
1150 1965 1289 2010 illuxit
1311 1963 1545 2010 Salvatoris
1569 1963 1704 2009 nostri

326 2055 346 2074 ›>
364 2033 458 2089 Dei,
478 2052 567 2080 non
590 2053 637 2080 ex
663 2036 870 2099 operibus
888 2036 1069 2096 justitiae
1089 2052 1189 2099 quae
1210 2035 1392 2080 fecimus
1422 2051 1523 2087 nos;
1545 2032 1618 2078 sed
1637 2051 1703 2079 se-

324 2125 344 2146 »
363 2103 557 2151 eundum
579 2123 700 2152 suam
723 2107 1062 2153 misericordiam
1086 2107 1225 2152 salvos
1247 2123 1324 2151 nos
1338 2104 1460 2162 feeit,
1481 2121 1561 2167 per
1577 2104 1703 2150 lava-

320 2191 475 2220 »crum
486 2177 818 2236 regenerationis
835 2177 1176 2224 etrenovationis
1190 2176 1380 2240 Spiritus
1398 2175 1555 2230 sancti,
1573 2191 1702 2238 quem

320 2245 557 2292 »ditissime
571 2244 726 2292 effudit
744 2264 873 2310 super
894 2265 987 2304 nos,
1010 2265 1088 2311 per
1098 2248 1123 2292 J
1128 2263 1246 2292 esum
1265 2247 1491 2292 Christum
1511 2245 1703 2292 Salvato-

321 2333 443 2362 »rem
463 2327 740 2372 nostrum‚ut
759 2318 990 2378 justificati
1011 2318 1148 2381 ipsius
1167 2317 1320 2375 gratia,
1343 2314 1703 2362 haeredesefficia-

314 2410 335 2431 11
359 2405 459 2433 mur
477 2387 720 2433 secundum
739 2406 859 2451 spem
886 2389 989 2434 vitae
1013 2399 1192 2435 aeternae
1213 2387 1249 2433 4.
1278 2409 1298 2428 >2

383 2459 511 2505 XIII.
534 2458 613 2502 His
635 2468 677 2502 et
701 2458 862 2503 talibus
880 2457 1136 2504 testimoniis
1160 2456 1322 2502 divinis
1348 2456 1587 2520 probatur,
1609 2473 1703 2517 gra-

315 2530 421 2576 tiam
441 2528 522 2574 Dei
541 2545 631 2574 non
656 2528 896 2574 secundum
919 2529 1070 2575 merita
1093 2539 1245 2574 nostra
1269 2527 1394 2574 dari:
1425 2527 1702 2592 quandoqui-

317 2599 418 2647 dem
435 2616 524 2646 non
545 2598 684 2645 solum
706 2592 838 2645 nullis
854 2599 983 2645 bonis
1001 2636 1013 2656 ,
1049 2599 1334 2646 verumetiam
1370 2597 1518 2645 multis
1537 2596 1701 2644 meritis

363 2685 374 2709 ¹
391 2697 405 2717 1
423 2686 499 2719 Cor.
515 2695 571 2724 xv,
590 2695 643 2718 10.
663 2682 736 2709 -2
754 2695 771 2716 2
787 2683 871 2719 Tim.
896 2695 925 2721 1,
941 2684 972 2723 8,
987 2703 1031 2710 -
1051 2680 1067 2708 3
1084 2683 1148 2716 Tit.
1167 2694 1226 2726 111,
1244 2684 1276 2718 3.
1294 2700 1335 2708 —
1355 2679 1370 2705 ⁴
1385 2681 1468 2715 Ibid.
