1843 3190
141 272 315 304 CONTRA
350 271 464 302 nuAs
499 268 734 302 EPISTOLAS
770 269 1140 314 PELAfflANoRuM,
1178 275 1266 307 Lm.
1307 274 1371 307 lv.
1445 262 1508 311 53

140 357 162 378 »
184 336 422 382 clarificare
453 335 633 381 domum
669 349 818 390 suam,
850 351 950 398 quae
986 346 1048 381 est
1079 336 1127 382 in
1161 337 1425 387 Jerusalem1
1452 360 1466 389 ε
1488 363 1511 386 »

138 425 225 453 non
252 407 430 454 audiant
454 404 572 469 quod
594 420 670 467 per
692 403 923 450 Jeremiam
944 404 1052 452 dicit
1072 408 1284 455 Dominus
1307 428 1317 454 :
1340 433 1360 452 «
1377 413 1433 456 Et
1450 413 1511 458 ti-

139 499 162 521 »
184 496 346 524 morem
370 493 514 524 meum
539 475 655 520 dabo
680 475 725 520 in
757 492 832 521 cor
864 493 1041 532 eorum,
1070 488 1116 523 ut
1141 496 1164 523 a
1187 496 1255 525 me
1279 497 1366 526 non
1390 498 1512 529 rece-

138 570 159 591 »
186 548 315 604 dant,
338 559 380 594 et
398 545 582 593 visitabo
602 546 721 600 eos²‚
745 555 794 590 ut
812 545 952 591 bonos
969 563 1038 592 eos
1057 547 1211 594 faciam
1236 567 1246 594 ε
1273 571 1293 591 ›>
1309 551 1513 597 maxime-

138 636 221 682 que
246 618 356 664 illud
382 635 461 681 per
487 615 756 662 Ezechielem
781 616 1042 679 prophetam
1057 655 1068 674 ,
1096 618 1175 664 ubi
1196 637 1374 683 prorsus
1399 623 1515 668 Deus

137 688 323 734 ostendit
347 687 478 733 nullis
511 703 553 732 se
582 686 816 731 hominum
841 686 967 732 bonis
989 688 1152 734 meritis
1185 691 1439 752 provocari,
1466 701 1517 737 ut

137 776 208 805 eos
232 759 370 804 bonos
402 757 534 804 faciat
552 793 562 813 ‚
591 756 637 802 id
671 767 757 812 est,
793 756 1041 804 obedientes
1065 759 1278 807 mandatis
1303 761 1415 816 suis;
1441 761 1515 807 sed

135 829 281 892 potius
303 829 401 874 haec
424 828 462 874 ei
492 844 533 872 se
563 826 802 872 retribuere
836 827 953 873 bona
984 846 1064 891 pro
1098 830 1242 887 malis,
1270 841 1450 894 propter
1473 848 1516 877 se

134 900 277 963 ipsum
297 899 385 944 hoc
408 898 608 944 faciendo
629 934 639 952 ‚
667 915 755 943 non
776 908 958 961 propter
974 899 1083 946 illos.
1105 901 1177 947 Ait
1195 901 1307 947 enim
1333 919 1344 946 :
1368 922 1389 942 α
1405 901 1514 947 Haec

137 991 159 1011 »
187 969 295 1014 dicit
313 969 526 1014 Dominus
547 969 661 1012 Deus
687 985 697 1012 :
726 969 820 1030 Ego
835 968 948 1014 facio
967 1006 979 1025 ,
1002 987 1090 1015 non
1106 982 1287 1034 propter
1303 989 1403 1027 VOS,
1430 971 1516 1017 do-

135 1058 156 1080 »
180 1055 275 1084 mus
299 1037 458 1093 Israel,
494 1037 567 1082 sed
589 1047 769 1099 propter
792 1054 950 1082 nomen
979 1055 1124 1084 meum
1147 1052 1370 1099 sanctum,
1392 1041 1513 1104 quod

135 1129 157 1149 »
182 1107 441 1171 profanastis
459 1106 504 1151 in
523 1106 725 1166 gentibus
741 1143 752 1162 ‚
774 1123 862 1170 quo
892 1108 1082 1153 intrastis
1100 1109 1228 1166 illuc,
1256 1121 1298 1156 et
1317 1110 1514 1155 sanctifi-

133 1198 154 1219 »
180 1179 290 1224 cabo
325 1194 483 1222 nomen
517 1193 662 1222 meum
691 1193 897 1236 magnum
916 1214 927 1231 ‚
954 1178 1072 1240 quod
1088 1178 1369 1242 profanatum
1388 1180 1515 1225 estin

135 1270 156 1290 »
180 1248 379 1308 gentibus
397 1284 408 1303 ‚
430 1258 471 1293 et
488 1246 747 1310 profanastis
763 1247 808 1292 in
835 1247 978 1293 medio
1001 1265 1176 1303 eorum3
1199 1260 1241 1295 et
1258 1251 1392 1296 scient
1411 1267 1513 1310 gen-

132 1339 154 1361 »
181 1330 238 1363 tes
255 1356 265 1374 ‚
302 1318 405 1381 quia
430 1333 508 1376 ego
534 1334 628 1362 sum
651 1317 891 1372 Dominus,
919 1317 1029 1364 dicit
1067 1320 1239 1366 Adonai
1268 1321 1479 1366 Dominus
1497 1357 1510 1376 ,

133 1411 152 1430 »
175 1405 275 1434 cum
295 1387 586 1433 sanctificatus
603 1387 724 1432 fuero
749 1387 793 1432 in
821 1388 944 1433 vobis
970 1400 1067 1435 ante
1082 1390 1233 1436 oculos
1255 1408 1404 1436 eorum
1419 1428 1429 1446 ‚
1471 1400 1514 1435 et

132 1479 153 1500 n
179 1459 393 1522 accipiam
412 1474 489 1504 vos
517 1457 571 1502 de
591 1457 793 1516 gentibus
811 1493 823 1512 ‚
850 1469 892 1504 et
913 1461 1186 1520 congregabo
1209 1478 1284 1506 vos
1310 1479 1356 1507 ex
1374 1461 1513 1506 omni-

132 1549 154 1570 »
180 1529 264 1574 bus
283 1529 405 1573 terris
423 1565 434 1583 ‚
458 1538 500 1573 et
518 1527 727 1572 inducam
748 1544 822 1573 vos
845 1528 890 1573 in
908 1538 1066 1575 terram
1089 1541 1271 1576 vestram
1285 1569 1295 1586 ‚
1313 1542 1355 1577 et
1370 1549 1514 1595 asper-

131 1620 152 1641 »
175 1616 271 1659 gam
301 1615 432 1661 super
458 1615 534 1644 vos
558 1614 717 1660 aquam
749 1598 987 1654 mundam,
1016 1611 1058 1644 et
1090 1601 1414 1648 mundabimini
1454 1603 1511 1647 ab

130 1690 151 1711 >)
178 1668 383 1713 omnibus
403 1667 694 1712 immunditiis
708 1667 859 1712 vestris
876 1704 888 1723 ‚
911 1678 952 1713 et
965 1669 1191 1716 mundabo
1208 1688 1283 1717 vos
1301 1692 1312 1725 3
1334 1683 1375 1718 et
1393 1672 1510 1717 dabo

133 1760 154 1781 »
177 1739 300 1784 vobis
319 1755 394 1783 cor
408 1754 571 1783 novum
586 1774 595 1792 ,
625 1747 666 1782 et
686 1737 887 1800 spiritum
903 1754 1066 1785 novum
1086 1739 1203 1786 dabo
1227 1741 1272 1786 in
1298 1742 1446 1796 vobis3
1469 1754 1511 1788 et

130 1832 152 1853 >2
181 1810 396 1855 auferetur
416 1825 491 1854 cor
514 1808 735 1871 lapideum
752 1808 805 1853 de
828 1825 956 1854 carne
985 1821 1124 1856 vestra
1139 1848 1149 1866 ‚
1175 1822 1218 1857 et
1249 1812 1367 1859 dabo
1386 1814 1511 1860 vobis

131 1902 153 1923 »
174 1898 250 1927 cor
269 1897 473 1926 carneum
489 1917 500 1935 ,
525 1890 566 1924 et
590 1879 806 1942 Spiritum
830 1896 974 1925 meum
990 1880 1107 1927 dabo
1134 1883 1179 1927 in
1201 1883 1352 1940 vobis,
1376 1895 1417 1930 et
1439 1885 1510 1930 fa-

132 1975 152 1994 »
175 1952 288 1997 ciam
314 1961 362 1996 ut
385 1951 430 1995 in
449 1950 836 2009 justificationibus
869 1950 972 1996 meis
997 1952 1248 2009 ambuletis,
1278 1965 1320 2000 et
1340 1956 1509 2015 judicia

133 2044 154 2064 »
177 2038 272 2066 mea
303 2021 536 2066 observetis
567 2031 609 2065 et
636 2020 805 2066 faciatis
819 2020 852 2067 3.
884 2041 905 2063 »
949 2022 1005 2067 Et
1039 2033 1140 2085 post
1176 2023 1399 2087 aliquanta
1431 2045 1511 2090 per

134 2091 335 2137 eumdem
359 2092 503 2154 ipsum
529 2091 797 2154 Prophetam
819 2108 830 2136 ε
855 2112 876 2133 «
898 2092 996 2137 Non
1015 2103 1198 2156 propter
1217 2110 1313 2151 VOS,
1335 2097 1501 2161 inquit,

134 2183 155 2203 »
179 2178 256 2221 ego
271 2161 383 2207 facio
397 2198 407 2216 ,
432 2161 541 2206 dicit
559 2161 770 2206 Dominus
786 2163 928 2214 Deus;
951 2173 1105 2208 notum
1122 2163 1205 2209 erit
1224 2165 1348 2212 vobis
1371 2184 1382 2211 ε
1406 2183 1509 2214 con-

134 2253 154 2273 »
177 2230 414 2276 fundimini
429 2267 440 2286 ‚
466 2241 509 2275 et
526 2230 765 2276 erubescite
788 2230 842 2276 de
865 2231 945 2277 viis
969 2232 1118 2278 vestris
1133 2269 1144 2289 ‚
1168 2233 1325 2282 domus
1351 2238 1500 2286 Israel.

136 2324 158 2344 »
179 2302 288 2346 Haec
311 2301 419 2346 dicit
439 2301 649 2345 Dominus
671 2302 786 2346 Deus
805 2319 815 2346 :
842 2303 893 2346 [n
917 2301 987 2347 die
1012 2319 1097 2365 quo
1115 2304 1340 2352 mundabo
1360 2324 1435 2354 vos
1453 2309 1509 2355 ab

136 2393 158 2414 »
181 2371 385 2417 omnibus
408 2370 715 2433 iniquitatibus
737 2372 885 2417 vestris
899 2408 910 2427 ,
938 2382 981 2417 et
1002 2373 1263 2420 constituam
1283 2377 1477 2424 civitates
1495 2417 1506 2436 ‚

140 2464 160 2483 »
185 2451 227 2486 et
250 2440 596 2486 aedificabuntur
624 2439 789 2486 deserta
805 2478 816 2497 ‚
843 2452 885 2486 et
919 2452 1031 2487 terra
1054 2445 1335 2491 exterminata
1353 2464 1511 2511 opera-

185 2539 198 2562 1
219 2541 236 2570 3
256 2538 347 2571 Esdr.
366 2548 438 2577 vm,
461 2539 518 2572 28.
540 2555 583 2564 --
603 2536 619 2561 ²
634 2541 754 2573 Jerem.
784 2550 903 2585 xxxix,
925 2546 978 2581 4ο,
997 2547 1055 2579 4ι.
1072 2558 1118 2566 -
1143 2538 1159 2566 3
1185 2543 1299 2577 Ezech.
1318 2555 1432 2590 xxxvi,
1455 2558 1512 2589 22,

136 2602 167 2628 et
182 2605 271 2639 seqq.
