1843 3190
316 255 405 332 1724
728 282 764 310 s.
806 279 1052 316 aususrlm
1086 278 1291 315 Erlscom

306 347 582 400 sanandum?
609 345 844 411 Quomodo
880 362 980 406 ergo
1002 356 1225 392 mortuum
1250 345 1434 395 dicimus
1456 346 1544 394 boc
1569 365 1679 412 pec-

307 430 453 465 catum
477 419 523 464 in
546 417 810 481 baptismate
825 454 834 472 ,
852 416 964 462 sicut
982 416 1110 462 etiam
1136 417 1213 482 iste
1237 417 1305 462 vir
1330 417 1437 463 dicit
1457 455 1469 474 ,
1501 429 1543 464 et
1566 436 1680 481 quo-

308 489 439 535 modo
459 488 659 541 habitare
680 487 725 532 in
748 486 955 534 memhris
974 485 1182 542 fatemur,
1203 498 1243 532 et
1264 487 1400 532 multa
1419 490 1588 551 operari
1607 489 1680 535 de-

311 560 464 605 sideria
497 557 816 606 reluctantibus
857 555 1014 612 nobis,
1047 556 1209 618 quibus
1245 573 1336 602 non
1372 559 1679 617 consentiendo

304 630 560 685 resistimus,
581 629 692 674 sicut
708 628 834 673 etiam
851 628 927 673 hic
946 627 1012 672 vir
1029 626 1189 678 fatetur
1207 647 1218 680 ς
1239 628 1320 672 nisi
1336 628 1437 691 quia
1458 640 1679 676 mortuum

305 711 367 745 est
389 701 433 745 in
455 717 504 745 eo
523 711 645 746 reatu
669 716 756 762 quo
779 716 855 743 nos
872 698 1072 754 tenebat,
1100 708 1142 743 et
1164 697 1303 744 donec
1328 699 1565 762 sepulturae
1582 717 1679 763 per-

304 769 489 826 fectione
527 780 728 823 sanetur,
763 767 945 814 rebellat
984 778 1025 821 et
1057 771 1312 813 mortuum?
1348 769 1558 824 Quamvis
1588 772 1680 828 jam

305 858 389 886 non
414 857 462 891 eo
484 839 613 889 modo
635 838 878 902 appelletur
901 841 1133 900 peceatum
1152 875 1162 893 ‚
1193 854 1280 900 quo
1303 838 1407 883 facit
1429 856 1571 895 reum3
1605 840 1679 885 sed

304 910 424 973 quod
447 910 500 955 sit
518 920 639 961 reatu
661 909 792 972 primi
809 908 998 960 hominis
1014 908 1179 953 factum
1198 945 1209 964 ,
1230 919 1272 953 et
1291 908 1411 972 quod
1427 910 1678 959 rebellando

303 997 380 1025 nos
407 979 576 1025 trahere
600 979 754 1033 nititur
789 977 843 1023 ad
882 988 1073 1034 reatum,
1102 978 1184 1031 nisi
1221 978 1397 1037 adjuvet
1434 997 1511 1025 nos
1541 980 1679 1040 gratia

304 1051 384 1096 Dei
425 1068 503 1114 per
539 1050 687 1095 Jesum
734 1049 961 1101 Christum
1008 1048 1249 1095 Dominum
1272 1060 1468 1101 nostrum
1485 1088 1496 1105 ,
1540 1068 1592 1096 ne
1618 1051 1678 1096 sic

302 1120 432 1173 etiam
456 1131 678 1175 mortuum
702 1130 934 1183 peccatum
957 1119 1161 1175 rebellet,
1185 1129 1234 1164 ut
1259 1119 1472 1166 vincendo
1496 1120 1678 1169 revivis-

303 1202 373 1237 cat
390 1202 432 1237 et
450 1202 610 1251 regnet.

367 1263 579 1309 XXXIII.
622 1264 675 1308 In
704 1261 792 1307 hoc
817 1260 934 1313 bello
967 1260 1239 1318 laborantes,
1270 1262 1466 1324 quandiu
1499 1263 1676 1311 tentatio

300 1344 362 1379 est
380 1333 469 1379 vita
487 1334 680 1379 humana
698 1349 826 1395 super
840 1331 1044 1385 terram1‚
1065 1349 1153 1385 non
1169 1332 1267 1387 ideo
1288 1334 1377 1378 sine
1394 1344 1574 1396 peccato
1588 1350 1677 1379 non

301 1421 450 1449 sumus
465 1441 475 1460 ,
497 1404 599 1466 quia
623 1403 709 1449 hoc
727 1401 847 1465 quod
871 1419 920 1448 eo
944 1402 1076 1447 modo
1101 1413 1333 1465 peccatum
1356 1402 1536 1459 dicitur,
1567 1421 1677 1466 ope-

301 1484 421 1519 ratur
443 1473 488 1518 in
518 1472 726 1518 membris
750 1488 996 1534 repugnans
1023 1471 1106 1531 legi
1128 1472 1304 1529 mentis,
1333 1472 1462 1518 etiam
1485 1490 1571 1518 non
1593 1473 1677 1519 sibi

303 1543 357 1588 ad
380 1543 531 1589 illicita
555 1543 923 1588 consentientibus
941 1542 1068 1587 nobis
1095 1560 1105 1587 ε
1133 1543 1375 1605 (quantum
1394 1543 1510 1588 enim
1530 1544 1584 1588 ad
1599 1560 1677 1589 nos

302 1614 476 1670 attinet,
511 1613 600 1659 sine
632 1622 815 1675 peccato
840 1629 1008 1675 semper
1041 1629 1253 1668 essemus,
1284 1612 1422 1658 donec
1455 1624 1676 1665 sanaretur

300 1684 387 1729 hoc
414 1683 602 1739 malum,
625 1683 659 1742 si
682 1682 720 1727 ei
743 1698 969 1745 nunquam
993 1682 1331 1728 consentiremus
1358 1682 1412 1728 ad
1443 1682 1606 1728 malum
1628 1683 1672 1745 ε)

303 1754 376 1800 sed
401 1754 447 1799 in
467 1754 626 1816 quibus
654 1753 710 1798 ab
729 1752 804 1797 illo
828 1752 1063 1798 rebellante
1081 1790 1092 1809 ,
1122 1753 1199 1798 etsi
1222 1770 1310 1798 non
1338 1753 1574 1811 lethaliter,
1601 1752 1675 1798 sed

301 1824 539 1876 venialiter,
585 1833 728 1879 tamen
764 1822 999 1878 vincimur,
1038 1823 1084 1868 in
1122 1823 1191 1868 his
1224 1823 1527 1869 contrahimus
1560 1823 1675 1869 unde

301 1894 496 1958 quotidie
511 1893 708 1940 dicamus
729 1911 740 1937 ε
765 1914 785 1934 «
805 1893 985 1939 Dimitte
1001 1893 1129 1940 nobis
1146 1894 1489 1941 debitanostra2.
1512 1916 1532 1936 »
1553 1895 1675 1941 Sicut

300 1970 503 2025 conjuges
526 1963 705 2028 quando
731 1963 911 2009 modum
948 1964 1212 2024 generationi
1236 1965 1521 2010 necessarium
1545 1981 1674 2010 causa

300 2036 430 2081 solius
454 2035 694 2097 voluptatis
719 2033 957 2079 excedunt⁵
985 2052 995 2079 :
1025 2034 1136 2080 sicut
1166 2034 1433 2081 continentes
1452 2071 1463 2091 ,
1494 2034 1673 2097 quando

298 2106 344 2151 in
366 2106 527 2151 talibus
555 2105 895 2164 cogitationibus
918 2122 1019 2151 cum
1051 2105 1192 2168 aliqua
1218 2105 1505 2150 delectatione
1529 2122 1674 2150 remo-

298 2187 468 2231 rantur,
497 2192 585 2219 non
605 2173 780 2236 quidem
806 2173 1080 2219 decernentes
1100 2174 1314 2234 flagitium
1333 2211 1344 2230 ,
1374 2174 1447 2220 secl
1465 2174 1673 2220 intentio-

298 2263 396 2292 nem
413 2245 590 2300 mentis‚
615 2262 702 2289 non
720 2245 832 2290 sicut
854 2254 1026 2307 oportet
1040 2282 1050 2300 ,
1074 2262 1127 2289 ne
1144 2245 1217 2289 illo
1236 2244 1402 2291 incidat
1415 2281 1426 2300 ,
1443 2244 1544 2290 inde
1556 2262 1673 2290 aver-

297 2327 430 2371 tentes
445 2351 455 2370 ,
503 2325 575 2359 aut
616 2315 649 2359 si
685 2314 888 2360 inciderit
930 2315 1030 2360 inde
1074 2316 1299 2378 rapientes,
1352 2317 1416 2360 De
1455 2315 1540 2359 hac
1581 2315 1672 2373 lege

294 2385 490 2450 peccati,
527 2401 626 2446 quae
652 2384 736 2428 alio
769 2385 900 2430 modo
926 2385 1053 2430 etiam
1094 2396 1321 2447 peccatum
1341 2394 1539 2439 vocatur,
1569 2402 1670 2449 quse

288 2464 502 2521 repugnat
520 2454 603 2513 legi
632 2454 784 2499 mentis
800 2491 810 2509 ,
843 2455 894 2500 de
913 2472 999 2518 qua
1020 2455 1157 2499 multa
1178 2455 1330 2500 heatus
1349 2454 1454 2499 dixit
1476 2454 1667 2500 Ambro-

333 2556 435 2590 ¹J0b.
459 2566 518 2592 vn,
539 2565 567 2583 1.
583 2571 625 2577 —
644 2551 660 2574 2
680 2552 793 2585 Matth.
820 2564 865 2593 vr,
896 2565 949 2586 12.
976 2572 1018 2578 —
1045 2551 1059 2575 3
1082 2553 1200 2585 Confer
1224 2553 1264 2585 de
1281 2552 1401 2584 Trinit.
1422 2553 1479 2586 lib.
1501 2564 1554 2587 12.
1571 2565 1599 2587 c.
1619 2565 1659 2585 22

281 2628 315 2649 ῃ,
338 2614 391 2644 18.
407 2617 438 2642 et
454 2620 547 2640 serm.
563 2610 618 2650 9‘3.
637 2619 665 2641 e.
684 2610 716 2639 6.
