1843 3190
263 344 437 377 CONTRA
471 343 696 377 JULIANUM
731 343 1037 389 PELAG1ANUM,
1074 348 1161 379 Lm.
1202 350 1252 380 11.
1346 336 1433 392 145

135 408 258 457 VIII.
286 411 400 471 Ergo
415 411 471 458 ad
481 412 656 457 beatum
670 409 894 457 redeamus
907 411 1229 461 Ambrosium1.
1254 435 1273 455 «
1296 416 1440 462 Etiam

71 479 197 527 Pauli
208 498 325 537 caro,
342 481 501 545 inquit,
518 497 675 543 corpus
691 482 840 526 mortis
850 491 957 539 erat,
975 482 1188 546 sicutipse
1206 484 1281 540 ait,
1297 505 1317 526 <‹
1331 486 1439 541 Quis

71 571 94 593 »
118 568 185 596 me
197 550 402 596 liberabit
433 551 485 596 de
510 567 693 613 corpore
720 551 871 596 mortis
892 552 1026 611 huJ'us
1047 554 1091 599 ²?
1112 576 1132 596 ι)
1160 556 1227 600 Ita
1245 557 1444 604 intellixit

74 621 345 678 Ambrosius,
359 622 419 666 ita
431 621 694 684 CyprianuS,
708 622 767 667 ita
778 622 1028 681 Gregorius,
1043 634 1091 669 ut
1102 624 1155 670 de
1167 626 1442 674 aliisinterim

73 702 238 737 taceam
255 692 383 737 simili
398 692 592 754 praeditis
610 692 865 737 auctoritate
883 692 1151 741 doctoribus.
1179 697 1296 743 Huic
1310 699 1442 744 morti

75 761 243 807 dicetur
264 762 309 806 in
323 762 426 816 fine,
450 762 569 806 «Ubi
587 772 664 817 est,
688 778 819 818 mors,
843 763 1062 808 contentio
1084 765 1215 811 tua3?
1236 788 1256 808 »
1281 767 1365 812 Sed
1379 785 1446 813 re-

74 842 374 891 generatorum
397 842 458 876 est
486 831 584 877 haec
605 832 758 891 gratia,
785 848 874 877 non
899 843 1215 891 generatorum.
1241 857 1260 877 «
1281 838 1446 883 Christi

75 901 188 947 enim
234 918 351 956 caro,
388 901 507 963 quod
531 901 728 961 adjungit
765 902 1046 960 Ambrosius,
1090 904 1314 951 damnavit
1351 925 1452 970 pec-

78 982 241 1028 catum,
267 970 387 1034 quod
418 971 632 1016 nascendo
657 989 745 1016 non
781 972 926 1027 sensit,
955 974 1075 1035 quod
1102 976 1326 1022 moriendo
1345 995 1450 1023 cru—-

76 1041 210 1086 cifixit
234 1058 243 1084 ε
267 1061 287 1080 »
302 1040 517 1085 nascendo
541 1057 629 1084 non
651 1041 798 1095 sensit,
821 1041 868 1086 in
898 1057 957 1095 se,
981 1044 1207 1088 moriendo
1236 1047 1451 1092 crucifixit

76 1111 120 1156 in
141 1109 280 1156 nobis.
310 1112 396 1156 Lex
415 1109 561 1171 itaque
593 1109 762 1170 peccati
787 1125 1035 1170 repugnans
1055 1112 1138 1172 legi
1156 1116 1328 1172 mentis,
1350 1134 1450 1180 quae

76 1179 122 1226 in
146 1179 255 1225 tanti
279 1195 452 1242 quoque
465 1176 662 1240 Apostoli
680 1177 886 1222 membris
903 1191 1010 1235 erat,
1031 1183 1264 1229 remittitur
1284 1186 1329 1230 in
1341 1187 1454 1249 bap-

77 1249 264 1305 tismate,
287 1265 376 1293 non
396 1247 561 1293 finitur.
599 1248 661 1292 Ex
688 1246 773 1291 hac
799 1246 889 1306 lege
917 1251 1059 1296 carnis
1082 1265 1352 1315 repugnante
1372 1256 1455 1315 legi

78 1319 233 1364 mentis
250 1318 364 1364 nihil
382 1317 547 1363 Christi
564 1333 724 1379 corpus
739 1318 912 1362 attraxit
926 1337 938 1371 ;
954 1320 1058 1381 quia
1080 1338 1168 1367 non
1185 1340 1231 1367 ex
1248 1324 1319 1369 illa
1334 1325 1455 1385 virgo

80 1389 296 1452 concepit.
319 1389 381 1433 Ex
402 1387 487 1433 hac
511 1387 603 1446 lege
627 1387 769 1432 carnis
795 1400 1063 1450 repugnante
1076 1390 1160 1450 legi
1176 1394 1331 1439 mentis
1345 1412 1458 1440 eam-

81 1459 179 1506 dem
202 1459 339 1518 legem
356 1457 500 1521 prima
514 1457 739 1503 nativitate
754 1474 880 1503 nemo
915 1476 1002 1504 non
1017 1461 1168 1515 traxit3
1193 1465 1295 1525 quia
1311 1465 1392 1509 nisi
1410 1483 1458 1510 ex

79 1529 154 1575 illa
170 1529 326 1575 mulier
344 1527 463 1573 nulla
483 1527 700 1589 concepit.
727 1527 892 1572 Etideo
914 1531 1182 1576 venerandus
1203 1533 1394 1580 Hilarius
1408 1538 1426 1563 Δ
1443 1553 1454 1580 :

82 1621 103 1641 c<
127 1601 189 1645 Ex
205 1608 385 1662 peccato
412 1613 496 1642 esse
521 1613 694 1641 omnem
717 1613 891 1642 carnem
906 1619 926 1639 ›>
944 1615 1033 1643 non
1052 1611 1280 1647 cunctatus
1304 1615 1366 1649 est
1383 1604 1457 1649 di-

12 1661 17 1675 ⁴
83 1687 177 1717 cere
201 1687 212 1714 :
239 1668 311 1714 sed
334 1666 550 1730 numquid
568 1666 666 1711 ideo
685 1667 858 1726 negavit
871 1684 920 1712 ex
946 1668 1070 1714 Deo‘:³
1092 1670 1325 1726 Quomodo
1343 1674 1458 1720 dici-

83 1757 198 1797 mus,
221 1749 262 1785 et
278 1755 325 1784 ex
338 1754 466 1783 carne
485 1752 677 1791 carnem,
701 1747 743 1781 et
760 1753 807 1781 ex
820 1736 999 1782 homine
1017 1755 1190 1785 carnem
1210 1761 1221 1794 ;
1241 1744 1460 1806 numquid.

85 1811 215 1857 etiam
238 1809 298 1855 sic
317 1823 520 1868 negamus
539 1823 587 1851 ex
613 1807 737 1851 Deo?
772 1807 886 1865 Ergo
912 1817 954 1851 et
980 1825 1027 1852 ex
1050 1809 1157 1865 Deo,
1189 1812 1290 1873 quia
1314 1824 1455 1859 creat:

85 1892 128 1926 et
145 1897 192 1926 ex
222 1878 417 1933 homine,
444 1876 547 1940 quia
571 1886 774 1935 generat3
798 1886 840 1921 et
876 1893 924 1921 ex
955 1889 1154 1939 peccato,
1183 1882 1286 1943 quia
1315 1884 1451 1931 vitiat.

88 1951 174 1996 Sed
195 1951 310 1995 Deus
326 1947 402 2011 qui
416 1946 564 2006 genuit
576 1946 736 1992 Filium
751 1946 836 1991 sibi
847 1957 1131 2005 coaeternum,
1153 1952 1271 2013 quod
1282 1953 1324 1997 in
1339 1956 1461 2016 prin-

89 2020 205 2083 cipio
221 2018 413 2064 Verbum
437 2026 543 2072 erat,
565 2033 644 2079 per
655 2015 774 2078 quod
788 2016 950 2062 creavit
964 2033 1091 2063 omne
1109 2020 1227 2082 quod
1242 2039 1330 2066 non
1348 2034 1457 2079 erat,

88 2090 217 2135 etiam
245 2088 389 2150 ipsum
414 2085 575 2131 creavit
597 2085 822 2130 hominem
851 2086 940 2130 sine
968 2086 1090 2143 vitio,
1120 2105 1207 2133 non
1230 2108 1277 2135 ex
1303 2092 1462 2138 semine

88 2157 280 2204 hominis
305 2173 384 2219 per
406 2155 617 2214 virginem
640 2165 810 2211 natum,
828 2155 873 2199 in
892 2172 977 2216 quo
1001 2169 1220 2215 regenerat
1238 2160 1461 2208 hominem

91 2236 360 2287 generatum,
383 2234 592 2285 sanatque
609 2223 828 2277 vitiatum,
847 2241 870 2268 a
885 2235 1004 2269 reatu
1023 2227 1184 2282 statim,
1210 2229 1265 2273 ab
1280 2230 1462 2277 infirmi-

91 2294 417 2359 tatepaulatim.
450 2295 611 2337 Contra
631 2309 762 2355 quam
782 2305 1070 2352 regeneratus,
1102 2296 1136 2341 si
1168 2299 1261 2357 jam
1298 2301 1464 2347 ratione

93 2367 250 2422 utitur,
276 2364 350 2409 illo
374 2372 594 2426 spectante
616 2373 742 2425 atque
757 2363 989 2423 adjuvante
1009 2365 1126 2410 velut
1143 2366 1188 2411 in
1206 2385 1340 2427 agone
1360 2387 1462 2417 con-

93 2436 230 2495 fligit:
259 2435 363 2497 quia
383 2433 520 2479 virtus
538 2433 583 2477 in
603 2432 854 2478 infirmitate
874 2435 1103 2496 perficitur
1122 2436 1157 2491 5,
1180 2435 1285 2483 dum
1310 2451 1464 2486 contra

95 2506 185 2552 hoc
210 2514 409 2550 nostrum
439 2501 559 2565 quod
575 2519 598 2546 a
612 2503 782 2561 justitia
811 2502 976 2560 deficit,
995 2503 1070 2549 illo
1095 2516 1240 2552 nostro
1265 2509 1385 2571 quod
1409 2509 1465 2554 ad

147 2606 158 2627 ¹
178 2603 365 2636 Ambrosius
381 2603 437 2635 lib.
464 2615 492 2634 r.
511 2602 551 2634 de
568 2602 675 2645 poenit.
690 2614 717 2634 c.
737 2605 813 2633 3.-
836 2601 851 2624 ²
867 2606 962 2637 Rom.
986 2614 1044 2646 vu,
1066 2612 1173 2642 24⁷-
1188 2605 1202 2629 3
1219 2618 1230 2638 g
1249 2609 1319 2640 (301.-
1337 2619 1388 2648 xv,
1408 2611 1463 2643 55.

100 2676 145 2685 -
161 2656 175 2683 ⁴
193 2658 332 2691 Hilarius
351 2667 423 2701 sup.
442 2657 499 2691 lib.
522 2668 549 2691 ι.
572 2668 600 2689 c.
625 2659 653 2689 3.
672 2674 717 2681 —
736 2657 749 2680 5
772 2669 784 2689 ι
807 2659 880 2691 Cor.
901 2668 959 2699 κη,
979 2670 1010 2698 9.

263 2725 394 2757 cxmt.
1294 2728 1347 2760 10
