1843 3190
290 327 464 359 CONTRA
497 324 725 358 JULIANUM
763 325 1069 367 PELAGIANUM,
1109 327 1197 358 LIB.
1240 330 1301 361 lv.
1377 318 1469 379 269

98 395 153 443 Et
171 393 269 441 ideo
291 397 410 440 Deus
431 393 531 440 istas
557 392 730 437 arbores
746 408 833 437 non
852 401 994 455 potest
1018 390 1195 452 diligere
1211 430 1221 449 ,
1250 405 1293 439 et
1310 394 1344 440 si
1369 396 1473 442 tales

96 464 438 529 permanserint,
464 462 658 525 disponit
674 461 866 507 excidere
887 479 897 506 ε
923 461 1024 524 quia
1050 461 1139 507 sine
1162 462 1249 509 fide
1269 464 1472 527 impossi-

96 534 185 581 bile
200 545 262 580 est
286 534 470 598 placere.
498 531 584 578 Sed
605 532 664 577 ita
684 531 758 577 hic
786 531 1013 587 immoror,
1040 533 1162 595 quasi
1181 534 1281 579 istas
1299 535 1475 581 arbores

96 621 184 650 non
203 609 296 664 jam
318 615 366 650 tu
392 604 482 667 ipse
508 602 667 648 steriles
688 601 1051 665 pronuntiaveris,
1079 602 1314 658 Quomodo
1344 605 1475 664 igitur

98 674 276 720 obsecro
298 691 387 720 non
407 684 479 719 aut
497 672 657 734 jocaris
681 673 726 717 in
753 672 821 718 his
846 671 1218 735 disputationibus
1236 710 1247 729 ,
1276 684 1347 720 aut
1366 674 1478 720 deli-

96 761 189 802 ras,
216 745 290 808 qui
325 744 533 790 sterilium
566 742 735 789 fructus
771 743 976 788 arborum
1007 741 1187 789 laudas?
1214 744 1302 801 Qui
1328 746 1478 809 utique

99 826 175 861 aut
194 815 302 861 nulli
326 826 449 871 sunt,
475 824 551 860 aut
573 815 607 860 si
627 814 730 860 mali
748 824 877 870 sunt,
905 812 1118 859 laudandi
1136 831 1223 859 non
1248 826 1376 862 sunt:
1408 826 1482 862 aut

98 885 133 932 si
157 885 326 932 fructus
350 885 457 932 boni
481 895 605 940 sunt,
623 884 819 948 profecto
850 883 1010 929 steriles
1043 884 1218 931 arbores
1235 903 1323 931 non
1348 897 1476 942 sunt,

97 955 186 1001 imo
204 966 246 1001 et
272 956 403 1001 bonae
428 966 529 1001 sunt
545 992 557 1012 ‚
585 971 772 1018 quarum
795 954 964 1000 fructus
980 953 1085 999 boni
1112 965 1234 1012 sunt,
1260 966 1302 1001 et
1321 956 1481 1002 debent

97 1026 189 1073 Deo
208 1025 380 1089 placere
400 1063 410 1079 ‚
434 1026 505 1072 cui
527 1026 658 1071 bonae
677 1026 851 1071 arbores
879 1042 966 1070 non
991 1035 1175 1086 possunt
1190 1025 1271 1071 nisi
1292 1026 1478 1090 placere,

94 1096 338 1161 falsumque
355 1097 436 1143 erit
455 1095 576 1161 quod
596 1096 809 1160 scriptum
828 1106 915 1153 est,
943 1116 964 1138 <‹
984 1094 1086 1141 Sine
1104 1095 1190 1142 fide
1210 1096 1479 1160 impossibile

101 1188 124 1210 »
139 1177 202 1213 est
221 1167 394 1230 placere
410 1165 444 1214 1.
471 1188 493 1209 ›>

162 1237 373 1283 XXXIII.
417 1236 502 1283 Sed
519 1252 803 1300 responsurus
822 1251 863 1280 es
878 1271 890 1291 ‚
911 1234 1019 1299 quid
1035 1272 1047 1292 ‚
1071 1236 1153 1282 nisi
1172 1239 1310 1283 vana?
1333 1258 1353 1277 c<
1374 1238 1481 1297 Ego,

98 1307 265 1370 inquis,
304 1305 503 1353 steriliter
525 1307 665 1352 bonos
688 1306 776 1352 dixi
804 1304 1003 1351 homines
1023 1342 1035 1362 ,
1070 1306 1148 1368 qui
1185 1323 1272 1351 non
1303 1318 1485 1370 propter

100 1377 243 1423 Deum
260 1376 460 1423 faciendo
484 1377 602 1422 bona
623 1393 723 1440 quae
744 1375 913 1422 faciunt
932 1413 943 1432 ,
966 1392 1056 1421 non
1080 1376 1137 1421 ab
1158 1393 1208 1422 eo
1231 1377 1365 1424 vitam
1385 1394 1487 1422 con-

101 1458 341 1511 sequuntur
375 1458 595 1495 aeternam.
623 1468 644 1489 »
667 1447 692 1492 J
700 1457 818 1493 ustus
848 1463 947 1506 ergo
974 1448 1090 1492 Deus
1116 1457 1157 1492 et
1182 1447 1324 1493 bonus
1348 1447 1486 1492 bonos

102 1519 222 1564 estin
241 1528 424 1564 mortem
441 1518 646 1564 missurus
664 1519 898 1563 aeternam?
918 1516 1042 1576 Piget
1057 1520 1150 1576 jam
1174 1516 1335 1572 dicere,
1353 1534 1484 1581 quam

103 1588 240 1634 multa
264 1599 305 1634 te
323 1599 559 1651 sequantur
575 1589 724 1634 insana
742 1624 753 1643 ,
780 1586 882 1632 talia
906 1587 1182 1643 sentientem,
1208 1587 1309 1632 talia
1331 1586 1485 1632 dicen-

105 1667 215 1715 tem,
236 1657 340 1703 talia
363 1658 624 1704 scribentem
640 1695 652 1714 ,
680 1658 725 1703 in
759 1657 915 1702 talibus
944 1674 1011 1702 me
1035 1656 1156 1720 quod
1179 1657 1376 1702 similiter
1399 1674 1487 1702 non

106 1727 317 1792 desipiam
350 1728 470 1775 velut
505 1728 693 1775 censorie
725 1727 1133 1792 reprehendentem.
1175 1727 1260 1773 Sed
1301 1726 1490 1774 breviter

107 1798 256 1862 accipe
275 1835 286 1855 ,
308 1815 362 1844 ne
380 1799 489 1844 forte
507 1816 608 1845 cum
625 1799 671 1844 in
689 1798 819 1844 rebus
835 1797 939 1861 ipsis
956 1808 1126 1844 tantum
1144 1814 1254 1843 erres
1274 1809 1487 1861 quantum

106 1868 240 1914 errari
277 1867 517 1931 plurimum
542 1879 688 1932 potes,
717 1867 867 1914 videar
894 1879 1036 1913 tecum
1061 1878 1224 1914 certare
1247 1867 1301 1913 de
1327 1868 1483 1914 verbis.

110 1939 199 1985 Aut
223 1955 322 1998 ergo
356 1938 544 1998 intellige
575 1939 695 2002 quod
736 1938 795 1984 ait
826 1938 1038 1984 Dominus
1062 1956 1072 1983 :
1104 1959 1125 1979 α
1146 1938 1193 1984 Si
1218 1936 1371 1984 oculus
1394 1949 1494 1983 tuus

110 2025 337 2072 «nequam
361 2020 450 2065 est,
491 2019 626 2055 totum
660 2025 821 2072 corpus
853 2019 977 2054 tuum
1014 2009 1293 2054 tenebrosum
1329 2008 1433 2057 erit;
1460 2008 1494 2052 si

112 2100 133 2121 »
153 2090 292 2126 autem
319 2079 472 2125 oculus
492 2090 593 2126 tuus
615 2079 793 2143 simplex
819 2089 880 2124 est
901 2116 912 2135 ‚
943 2089 1078 2125 totum
1100 2095 1261 2142 corpus
1282 2089 1405 2125 tuum
1428 2078 1495 2124 lu-

114 2171 134 2193 »
153 2150 303 2196 cidum
328 2149 442 2194 erit2
467 2167 477 2194 ε
501 2171 522 2191 »
545 2160 587 2195 et
610 2149 730 2195 hunc
764 2149 941 2195 oculum
972 2165 1152 2209 agnosce
1184 2149 1466 2194 intentionem
1485 2183 1496 2203 ‚

112 2239 200 2286 qua
217 2221 323 2266 facit
339 2220 520 2283 quisque
549 2220 670 2283 quod
692 2220 823 2273 facit3
846 2231 887 2265 et
908 2237 984 2283 per
1006 2220 1091 2265 hoc
1117 2219 1233 2265 disce
1260 2236 1358 2265 eum
1380 2256 1391 2275 ‚
1420 2218 1497 2281 qui

114 2309 202 2338 non
225 2290 328 2336 facit
353 2307 483 2353 opera
501 2291 618 2336 bona
637 2290 874 2336 intentione
895 2289 997 2335 fidei
1015 2290 1170 2345 bonae,
1192 2289 1280 2334 hoc
1302 2299 1388 2345 est,
1409 2293 1500 2348 ers

115 2379 215 2425 quae
239 2378 316 2424 per
339 2360 612 2406 dilectionem
638 2370 863 2423 operatur,
890 2369 1030 2405 totum
1055 2359 1174 2423 quasi
1190 2375 1366 2422 corpus,
1383 2357 1502 2422 quod

117 2431 201 2477 illis
221 2468 231 2487 ,
258 2431 375 2476 velut
403 2430 634 2486 membris,
656 2431 864 2493 operibus
881 2439 1079 2485 constat,
1100 2428 1377 2475 tenebrosum
1396 2444 1499 2484 esse,

118 2501 205 2546 hoc
229 2511 318 2556 est,
347 2500 527 2564 plenum
558 2500 781 2561 nigredine
799 2510 1097 2564 peccatorum.
1131 2499 1220 2545 Aut
1244 2508 1357 2544 certe
1388 2514 1504 2560 quo-

119 2572 237 2618 niam
262 2572 413 2618 saltem
432 2571 634 2617 concedis
653 2589 785 2636 opera
820 2571 1064 2618 infidelium
1081 2607 1093 2627 ,
1129 2586 1230 2633 quae
1256 2568 1338 2615 tibi
1358 2584 1509 2614 eorum

173 2654 301 2687 ¹11eb1·‚
323 2665 366 2700 xi,
382 2655 416 2688 6.
437 2671 474 2677 --
494 2652 509 2675 ‘²
523 2654 643 2687 Manli.
666 2665 711 2697 vi,
733 2655 775 2685 23
795 2659 826 2686 et
842 2664 895 2685 22.
