1843 3190
266 330 441 363 CONTRA
478 328 705 361 JULIANUM
742 327 1049 370 rumimunt,
1089 330 1176 360 Lm.
1222 333 1260 362 v.
1353 316 1445 380 327

72 397 314 462 prophetis.
348 398 403 442 At
420 396 517 441 haec
534 395 628 457 ipsa
649 405 738 439 erat
756 405 797 440 et
816 411 949 459 poena
978 395 1148 457 peccati
1170 432 1181 451 ,
1214 397 1301 441 Deo
1319 396 1443 463 judi-

72 479 196 515 cante
215 504 226 524 ,
258 469 349 512 Deo
375 467 568 513 mittente
596 465 793 523 angelum
814 465 978 510 malum
999 502 1009 518 ,
1040 475 1088 510 ut
1112 466 1300 528 apertius
1324 466 1448 512 intel-

72 539 298 598 ligeremus
327 535 547 601 quomodo
578 535 624 579 in
649 535 820 581 Psalmo
853 535 1020 580 dictum
1046 536 1126 592 sit,
1162 536 1320 582 misisse
1339 537 1448 582 iram

73 608 380 667 indignationis
403 623 492 652 suae
509 623 587 668 per
612 605 781 665 angelos
811 604 992 652 malosl.
1031 606 1116 651 Sed
1138 607 1355 669 numquid
1378 625 1451 653 er-

72 678 227 733 rando,
250 676 464 740 numquid
483 676 641 735 injuste
660 675 904 738 quidquam
927 674 995 721 vel
1016 676 1446 735 tcanerejudican'd'o,

72 750 159 795 sive
189 746 415 792 faciendo?
442 745 599 791 Absit:
633 745 705 790 sed
744 762 831 790 non
866 744 1026 790 frustra
1058 745 1122 791 illi
1152 746 1321 791 dictum
1354 756 1447 792 est:

73 841 94 862 c<
113 819 137 864 J
144 817 288 864 udicia
308 828 380 862 tua
398 816 510 862 sicut
531 816 708 879 abyssus
733 816 921 862 multa2.
947 837 966 856 ›)
992 815 1091 861 Non
1117 815 1277 862 frustra
1310 817 1450 863 excla-

72 900 163 935 mat
203 887 438 951 Apostolus
468 904 478 932 t
521 907 541 927 (ι
572 887 611 932 O
658 886 843 931 altitudo
880 885 1130 932 divitiarum
1165 887 1390 950 sapientiae
1411 898 1454 933 et

74 981 94 1001 >³
112 960 302 1004 scientiae
328 959 408 1004 Dei
427 995 437 1013 ‚
466 974 599 1020 quam
633 957 934 1003 inscrutabilia
957 968 1059 1002 sunt
1076 957 1244 1017 Judieia
1269 962 1387 1017 ejus,
1409 969 1451 1004 et

75 1050 95 1070 n
114 1028 432 1087 investigabiles
466 1028 548 1073 viae
587 1028 703 1086 ejus!
749 1027 857 1082 Quis
893 1027 1006 1072 enim
1041 1028 1246 1087 cognovit
1281 1045 1452 1074 sensum

74 1120 94 1141 >›
115 1099 316 1153 Domini,
345 1109 421 1144 aut
443 1097 540 1161 quis
565 1097 835 1142 consiliarius
861 1100 951 1156 ejus
974 1097 1088 1143 fuit?
1114 1094 1197 1143 Aut
1218 1098 1314 1160 quis
1331 1099 1453 1161 prio‘r

75 1190 96 1210 >2
115 1168 235 1213 dedit
254 1168 317 1213 illi
338 1205 348 1223 ‚
377 1178 424 1213 ut
444 1167 715 1212 retribuatur
738 1167 775 1211 ei
789 1165 840 1211 3?
864 1188 884 1208 »
914 1166 1097 1212 Nullum
1112 1167 1229 1227 eligit
1246 1168 1449 1227 dignum,

75 1239 149 1284 sed
181 1238 376 1298 eligendo
401 1237 532 1283 efficit
570 1237 751 1296 dignum
786 1256 797 1290 ς
835 1236 1006 1282 nullum
1042 1248 1186 1283 tamen
1225 1238 1355 1302 punit
1382 1239 1454 1284 in-

75 1309 271 1368 dignum.

139 1378 258 1424 XIV.
291 1398 311 1419 «
333 1377 433 1433 Ait,
460 1377 630 1440 inquis,
655 1375 887 1440 Apostolus
907 1413 918 1433 ‚
945 1377 1123 1423 Bonitas
1157 1378 1240 1424 Dei
1275 1378 1329 1424 ad
1351 1391 1454 1442 poe-

75 1448 303 1494 nitentiam
328 1458 367 1493 te
405 1446 628 1494 adducit&
657 1470 676 1488 >2
701 1447 861 1493 Verum
884 1457 967 1503 est,
1004 1459 1199 1503 constat3
1231 1449 1302 1495 sed
1323 1461 1454 1513 'quem

75 1518 403 1582 praedestinavit
423 1517 604 1563 adducit
624 1535 634 1562 :
658 1517 854 1580 quamvis
870 1518 961 1581 ipse
979 1518 1223 1565 secundum
1245 1514 1454 1565 duritiam

77 1606 197 1634 suam
233 1599 275 1633 et
313 1605 389 1633 cor
421 1588 728 1651 impoenitenS,
765 1599 978 1650 quantum
1005 1588 1059 1634 ad
1082 1589 1227 1652 ipsum
1270 1590 1451 1644 attinet,

77 1680 97 1702 «
121 1660 155 1703 T
161 1659 401 1704 hesaurizet
418 1659 501 1703 sibi
523 1658 633 1704 iram
651 1658 697 1703 in
721 1658 790 1704 die
807 1659 883 1704 irae
907 1669 948 1704 et
963 1659 1237 1705 revelationis
1251 1660 1357 1719 J'usti
1374 1663 1455 1719 J‘u-

80 1752 100 1771 »
117 1729 219 1775 dicii
234 1730 336 1785 Dei,
362 1729 437 1792 qui
454 1728 604 1773 reddet
621 1729 856 1792 unicuique
881 1729 1122 1775 secundum
1140 1746 1273 1793 opera
1289 1729 1453 1790 ejus5.»

80 1799 412 1858 Quantumlibet
435 1800 549 1844 enim
568 1799 765 1861 praebeat
787 1800 1045 1862 patientiam
1064 1819 1075 1853 ;
1101 1800 1180 1845 nisi
1201 1800 1294 1862 ipse
1317 1799 1454 1845 dede-

79 1871 164 1925 rit,
207 1871 302 1932 quis
337 1870 422 1929 agit
445 1869 784 1932 poenitentiam?
827 1872 895 1916 An
931 1870 1094 1916 oblitus
1122 1888 1163 1916 es
1185 1870 1305 1934 quod
1340 1871 1455 1916 idem

78 1941 169 2002 ipse
186 1939 341 1985 doctor
362 1941 422 1985 ait
446 1958 456 1985 z
487 1961 508 1981 ‹<
529 1941 593 1985 Ne
612 1940 721 1985 forte
739 1940 812 1986 det
833 1940 918 1985 illis
937 1944 1055 1986 Deus
1078 1941 1382 2004 poenitentiam
1399 1941 1455 1987 a'd

79 2031 101 2053 ›>
121 2011 465 2071 cognoscendam
499 2012 720 2057 veritatem
755 2023 797 2057 et
834 2011 1089 2074 resipiscant
1123 2029 1147 2057 a
1181 2012 1348 2058 diaboli
1388 2012 1458 2057 la-

82 2082 239 2144 »queis
255 2082 271 2109 6
290 2085 307 2126 .3
333 2081 417 2126 Sed
439 2080 608 2141 judicia
632 2085 724 2141 ejus
758 2081 895 2127 multa
926 2082 1154 2145 abyssus7.
1178 2103 1197 2124 υ
1231 2082 1320 2127 Nos
1342 2093 1458 2128 certe

80 2152 115 2197 si
137 2169 237 2207 eos,
263 2152 309 2196 in
342 2169 450 2214 quos
474 2152 601 2197 nobis
631 2163 820 2215 potestas
857 2163 948 2207 est,
987 2163 1084 2198 ante
1119 2151 1269 2198 oculos
1292 2160 1458 2198 nostros

80 2231 330 2284 perpetrate
365 2222 523 2267 scelera
559 2223 890 2285 permittamus,
919 2222 981 2267 rei
1006 2239 1109 2267 cum
1128 2222 1234 2285 ipsis
1255 2222 1454 2268 erimus:

82 2308 214 2354 quam
238 2308 338 2336 vero
365 2292 700 2337 innumerabilia
719 2291 789 2336 ille
812 2292 1028 2355 permittit
1064 2293 1155 2337 fieri
1190 2303 1288 2337 ante
1310 2292 1460 2338 oculos

81 2379 177 2407 suos
193 2399 203 2416 ‚
228 2379 326 2424 quae
349 2363 498 2425 utique
516 2363 550 2407 si
573 2362 778 2408 noluisset
792 2400 803 2415 ‚
825 2363 946 2408 nulla
967 2363 1133 2408 ratione
1157 2363 1424 2426 permitteret
1444 2381 1456 2409 ε

82 2442 123 2477 et
152 2442 296 2476 tamen
310 2435 450 2491 justus
473 2442 514 2477 et
534 2432 678 2477 bonus
699 2444 775 2480 est.
808 2434 863 2477 Et
880 2432 1000 2495 quod
1025 2433 1265 2496 praebendo
1286 2434 1460 2496 patien-

92 2502 193 2546 tiam
217 2500 291 2546 dat
314 2501 459 2546 locum
481 2502 753 2565 poenitentiae
777 2503 927 2548 nolens
945 2503 1131 2567 aliquem
1155 2503 1317 2566 perire,
1339 2502 1461 2547 novit

131 2599 142 2620 ¹
165 2598 386 2635 Psal.1.xxvu‚
402 2606 458 2640 49.
475 2618 520 2623 —
535 2599 549 2621 ²
570 2601 618 2632 Id.
635 2612 731 2639 xxxv,
750 2613 783 2640 7.
796 2620 838 2625 —
854 2598 868 2622 3
888 2604 981 2633 Rom.
1003 2613 1032 2639 1,
1051 2604 1106 2635 33.
1122 2620 1164 2625 -
1180 2600 1194 2623 ⁴
1210 2604 1360 2642 Rom.11,
1379 2606 1459 2636 4.-

84 2652 197 2686 ⁵1bid.
218 2656 249 2696 5,
266 2655 295 2685 6.
312 2674 353 2679 -—
372 2652 386 2675 ⁶
409 2667 421 2686 ι
439 2655 520 2687 Tim.
535 2667 576 2697 11,
594 2657 647 2693 25,
664 2657 717 2687 26.
732 2673 776 2678 —
790 2655 803 2677 ⁷
825 2654 905 2688 Psal.
925 2667 1022 2693 xxxv,
1045 2667 1078 2695 7.
