1843 3190
351 286 412 354 98
772 300 807 331 s.
850 298 1097 329 Auem-‚nm
1131 299 1335 330 EPISCOPI

343 367 547 425 Latinam
564 365 771 423 translata
811 381 1124 428 usquequaque
1147 364 1412 416 claruerunt.
1442 364 1598 411 Sedeat
1627 383 1727 426 ergo

349 453 450 482 cum
473 435 564 491 istis
588 434 790 499 patribus
830 435 958 479 etiam
998 444 1171 479 sanctus
1200 435 1457 494 GregoriUS,
1485 445 1526 483 et
1548 452 1650 482 cum
1670 437 1729 482 eis

345 517 436 552 tuae
455 505 768 552 criminationis
785 505 954 549 inanem
976 504 1172 566 patiatur
1186 505 1395 550 invidiam
1413 523 1423 550 ε
1445 504 1552 551 dum
1587 517 1728 553 tamen

344 594 446 643 911111
456 576 514 639 eis
537 585 686 626 contra
706 574 915 620 novitiam
930 584 1093 637 pestem
1109 585 1293 620 Vestram
1309 574 1611 625 medicinalem
1626 592 1728 638 pro-

341 640 451 711 ferat
471 658 513 693 et
535 647 626 710 ipse
657 646 925 691 sententiam.
953 645 1070 690 Audi
1094 661 1194 704 ergo
1213 645 1322 709 quid
1340 645 1458 696 dicat
1477 663 1488 690 ε
1510 666 1530 686 α
1552 646 1724 705 Imago,

341 711 502 782 inquit,
543 717 624 762 Dei
659 717 804 762 labem
839 731 1065 778 corporeae
1094 715 1396 762 inundationis
1430 726 1656 779 expurget,
1684 726 1728 761 et

345 793 625 852 conjunctam
641 787 724 836 sibi
738 803 913 832 carnem
947 785 1073 832 verbi
1112 786 1192 831 Dei
1230 786 1426 831 sublevet
1457 788 1623 849 penniS.
1674 787 1730 834 Et

341 859 541 922 quamvis
559 857 711 903 melius
734 856 900 911 fuisset,
923 872 976 900 ne
993 872 1114 914 egere
1130 855 1307 919 quidem
1325 855 1630 915 hujuscemodi
1655 873 1730 918 ex-

341 927 617 993 purgatione,
644 925 755 971 scd
744 943 790 970 in
821 925 894 970 illa
915 924 1059 987 prima
1095 924 1305 984 dignitate
1329 925 1642 988 permansisse,
1674 926 1730 973 ad

342 1017 474 1064 quam
497 1009 538 1045 et
553 981 879 1050 refestinamus,
900 1006 1000 1058 post
1026 1006 1285 1058 praesentem
1303 996 1668 1061 emendationem,
1688 1008 1730 1043 et

340 1070 493 1120 melius
519 1068 666 1129 fuisset
682 1084 769 1112 non
793 1065 986 1112 excidere
1007 1084 1027 1111 a
1055 1066 1174 1126 ligno
1195 1066 1297 1116 vitae
1315 1077 1443 1126 gustu
1464 1067 1729 1113 amarissimo

341 1139 540 1203 peccati:
564 1149 709 1196 tamen
733 1137 778 1182 in
798 1135 990 1181 secundo
1015 1135 1113 1181 loco
1136 1136 1308 1199 expedit
1327 1136 1549 1194 emendari
1567 1148 1608 1183 et
1627 1154 1728 1183 eor-

340 1209 421 1269 rigi
444 1219 544 1272 post
560 1207 759 1270 lapsum,
787 1222 919 1269 quam
943 1205 989 1250 in
1013 1206 1218 1269 nequitiis
1242 1223 1511 1269 permanere.
1540 1228 1560 1248 »
1586 1208 1726 1256 Item-

343 1297 428 1343 que
448 1279 563 1327 idem
587 1278 678 1341 ipse
703 1295 714 1321 :
745 1298 765 1318 α
795 1278 919 1321 Sicut
940 1276 986 1330 in
1010 1275 1148 1322 Adam
1173 1293 1322 1322 omnes
1341 1314 1351 1333 ,
1379 1277 1540 1340 inquit,
1569 1278 1730 1325 mortui

343 1366 508 1405 sumus,
536 1349 594 1394 ita
613 1359 653 1393 et
674 1347 720 1393 in
743 1346 918 1392 Christo
937 1363 1089 1391 omnes
1109 1346 1393 1399 vivificemur.
1423 1349 1536 1400 lium
1553 1347 1729 1397 Christo

343 1438 441 1480 ergo
462 1435 716 1481 nascamur,
736 1428 892 1462 etcum
914 1417 1089 1461 Christo
1111 1417 1442 1476 crucifigamur,
1466 1428 1507 1467 et
1525 1435 1730 1481 consepe-

339 1490 499 1551 liamur
525 1491 563 1535 ei
584 1490 629 1547 111
650 1498 850 1543 mortem,
890 1498 939 1532 ut
962 1504 1063 1532 cum
1096 1487 1191 1549 ipso
1218 1488 1346 1532 etiam
1368 1504 1639 1547 resurgamus
1675 1489 1729 1535 ad

341 1560 491 1607 Vitam.
527 1560 704 1604 Necesse
719 1567 780 1602 est
798 1557 913 1602 enim
933 1574 1010 1602 nos
1030 1557 1202 1620 perpeti
1222 1557 1370 1609 utilem
1390 1557 1506 1608 hanc
1530 1568 1570 1603 et
1587 1576 1729 1607 neces-

339 1629 495 1690 sariam
513 1626 857 1683 vicissitudinem
882 1644 892 1670 :
924 1637 972 1683 ut
992 1627 1106 1672 sicut
1126 1644 1171 1671 ex
1197 1627 1324 1672 bonis
1359 1627 1412 1679 ad
1432 1627 1569 1673 tristia
1592 1627 1728 1678 devo-

340 1699 422 1762 luti
442 1715 606 1757 sumus,
629 1699 688 1756 ita
718 1714 766 1742 ex
790 1697 987 1754 tristibus
1009 1696 1063 1742 ad
1091 1697 1268 1743 meliora
1303 1715 1570 1760 reparemur.
1596 1720 1615 1739 «
1642 1699 1730 1750 Ubi

340 1791 362 1813 >1
384 1770 498 1815 enim
523 1768 765 1827 abundavit
789 1779 1020 1831 peccatum
1037 1804 1048 1823 ,
1079 1767 1462 1830 superabundavit
1483 1769 1618 1827 gratia
1637 1768 1654 1798 1
1675 1787 1685 1814 ι
1708 1791 1729 1811 »

342 1850 394 1886 ut
417 1857 523 1903 quos
541 1849 687 1899 gustus
709 1838 814 1898 ligni
833 1837 953 1883 vetiti
973 1836 1301 1892 condemnavit,
1326 1837 1493 1889 Christi
1512 1835 1615 1883 crux
1635 1856 1729 1898 gra-

345 1911 406 1955 tia
433 1910 616 1969 largiore
639 1908 861 1968 justificet.
887 1929 907 1949 >2
926 1907 1048 1952 Idem
1064 1903 1210 1953 rursus
1236 1925 1246 1951 :
1267 1928 1286 1948 «
1312 1907 1542 1963 Veneram,
1565 1908 1724 1971 inquit,

340 1979 632 2036 nativitatem,
660 1995 735 2041 per
752 1995 884 2040 quam
907 1988 1088 2022 terrenae
1111 1977 1348 2032 nativitatis
1365 1977 1550 2023 vinculis
1572 1978 1728 2031 libera-

339 2060 409 2100 tus
428 2066 483 2097 es.
505 2049 682 2112 Honora
694 2047 950 2107 Bethlehem
967 2046 1171 2110 pusillam
1191 2057 1233 2091 et
1251 2046 1582 2110 minimam,per
1594 2065 1728 2110 quam

340 2119 423 2165 tibi
437 2135 647 2180 regressus
664 2117 718 2163 ad
736 2116 988 2180 paradisum
1011 2117 1257 2180 patefactus
1274 2127 1350 2164 est.
1378 2139 1396 2158 »
1413 2118 1610 2180 Itemque
1623 2117 1728 2171 alibi

339 2189 392 2236 de
418 2189 637 2252 baptismo
660 2187 840 2251 loquens
869 2205 917 2232 ιε(
940 2186 1222 2242 Persuadeat,
1265 2187 1426 2250 inquit,
1459 2188 1541 2243 tibi
1566 2187 1619 2233 de
1639 2188 1727 2233 hoc

341 2275 516 2321 quoque
546 2275 684 2303 sermo
707 2257 869 2302 Christi
905 2256 1117 2302 dicentis:
1145 2257 1370 2315 Neminem
1387 2274 1512 2320 posse
1546 2258 1726 2313 introire

338 2328 385 2374 in
410 2345 589 2407 regnum
616 2327 846 2382 coelorum,
878 2327 958 2371 nisi
987 2337 1161 2371 renatus
1184 2326 1314 2374 fuerit
1334 2343 1380 2371 ex
1396 2344 1506 2389 aqua
1533 2338 1573 2372 et
1594 2327 1726 2391 spiri-

414 2400 555 2444 {Per
575 2397 697 2442 hunc
723 2397 879 2460 primae
902 2396 1140 2441 natixitatis
1164 2396 1348 2441 maculae
1365 2408 1626 2458 purgantur,
1649 2414 1726 2460 per

339 2485 446 2533 quas
469 2468 514 2514 in
533 2467 843 2529 iniquitatibus
882 2466 1175 2528 concipimur,
1204 2478 1245 2511 et
1268 2467 1313 2511 in
1355 2466 1524 2511 delictis
1562 2484 1724 2526 genue-

339 2550 443 2601 runt
476 2555 553 2594 nos
569 2548 724 2587 matres
743 2548 915 2599 nostrae.
947 2559 968 2579 »
988 2536 1216 2601 Numquid
1246 2547 1288 2583 et
1318 2538 1450 2598 istum
1487 2533 1726 2596 Manichaet

389 2605 528 2653 ¹iCor.
543 2631 596 2659 xv,
613 2631 669 2654 22.
686 2636 729 2643 —
753 2616 952 2654 2Joan.111‚
971 2619 1004 2650 5
