1843 3190
323 306 339 336 1
350 289 411 334 86
739 302 772 332 S.
816 299 1061 330 mensum
1097 299 1303 330 EPISCOPI

317 385 433 414 nam.
463 367 553 424 Qui
573 383 672 426 ergo
692 366 853 425 negatis
873 381 958 409 esse
976 364 1019 409 in
1037 364 1220 427 parvulo
1244 363 1423 420 malum,
1448 364 1564 428 quod
1584 365 1694 428 bap-

316 440 486 484 tismate
505 438 724 492 diluatur3
757 436 889 481 dicite
912 452 1000 498 quo
1026 436 1178 480 merito
1201 435 1410 498 parvulus
1434 454 1523 481 non
1541 436 1692 498 bapti-

316 520 434 555 zatus
473 519 633 554 aeterna
672 516 811 552 morte
833 505 1081 568 plectatur?
1109 505 1194 550 Sed
1230 505 1337 568 quid
1371 506 1467 550 estis
1493 505 1688 561 dicturi,

315 580 396 624 nisi
413 578 524 623 forte
538 576 713 636 Pelagio
738 575 1044 622 maledicturi?
1072 575 1160 631 Qui
1181 586 1324 620 tamen
1347 575 1381 620 si
1404 575 1529 620 vobis
1552 573 1690 619 male-

316 649 566 694 dicentibus
588 646 707 692 dicat
722 684 734 703 ‚
760 647 814 691 Et
828 645 938 710 quid
951 644 1114 691 velletis
1138 656 1186 691 ut
1204 645 1420 691 facerem}l
1438 646 1506 690 An
1523 644 1694 690 dicente

318 719 496 763 Christo
513 754 524 773 ‚
552 739 571 759 α
595 718 640 762 Si
663 734 752 762 non
782 716 1145 762 manducaveritis
1168 733 1306 761 meam
1328 733 1522 771 carnem,
1555 726 1596 760 et
1618 715 1694 759 bi-

314 809 335 829 »
354 788 505 833 beritis
538 803 685 832 meum
710 787 984 846 sanguinem,
1014 803 1101 831 non
1136 786 1358 831 habebitis
1379 786 1513 832 vitam
1546 786 1588 830 in
1614 802 1693 830 vo-

314 879 335 899 »
349 857 434 903 bis‘l
456 875 466 902 :
483 879 503 899 »
516 857 712 902 dicturus
729 857 897 902 fueram
918 856 1157 919 parvulum
1174 857 1434 902 habiturum
1451 857 1604 909 vitam,
1617 855 1694 919 qui

312 929 401 973 sine
425 928 505 972 isto
544 937 814 972 sacramento
836 927 996 972 finisset
1019 926 1136 971 hanc
1154 927 1287 972 vitam
1305 931 1323 973 3>
1339 929 1451 972 Puto
1475 926 1596 989 quod
1619 942 1694 971 vos

311 996 577 1043 maledixisse
597 997 768 1042 homini
783 997 1033 1060 poenitebit.
1057 1000 1078 1041 J
1085 1014 1151 1042 am
1179 1014 1253 1043 vos
1271 1015 1372 1058 ergo
1396 998 1526 1043 totius
1549 996 1693 1059 poeni-

312 1081 399 1116 teat
424 1070 557 1129 hujus
576 1070 747 1116 erroris.

378 1140 429 1186 V.
464 1142 528 1185 Ne
561 1150 814 1199 argumento
853 1139 1094 1184 miserrimo
1131 1139 1344 1195 utamini,
1384 1155 1472 1202 quo
1506 1138 1696 1184 universi

318 1222 503 1256 utuntur
526 1210 724 1255 haeretici
739 1247 749 1266 ‚
778 1227 885 1273 qnos
905 1227 926 1254 a
958 1211 1198 1272 perniciosa
1220 1210 1391 1255 licentia
1418 1210 1526 1268 leges
1545 1212 1695 1272 Impe-

314 1293 508 1326 ratorum
532 1281 849 1326 catholicorum
889 1291 1110 1343 premunt.
1152 1281 1314 1325 Omnes
1340 1279 1506 1342 quippe
1536 1279 1695 1339 hujus-

315 1352 432 1397 modi
453 1352 631 1406 dicunt,
657 1350 775 1414 quod
794 1352 885 1413 ipse
903 1351 1046 1396 dixisti
1069 1369 1079 1396 :
1110 1373 1129 1391 r<
1149 1351 1367 1396 Laborare
1385 1349 1505 1396 illam
1524 1361 1692 1412 partem

310 1423 486 1468 rationis
510 1422 659 1484 inopia
675 1459 685 1477 ,
710 1439 808 1484 quae
833 1422 878 1466 in
897 1421 1145 1468 disserendo
1170 1437 1270 1466 011111
1299 1432 1509 1466 terrorem
1531 1421 1691 1466 subro-

311 1503 406 1551 gat.
431 1491 604 1537 nullum
623 1509 647 1536 a
671 1490 966 1554 prudentibus
1000 1492 1208 1554 impetrat
1225 1528 1236 1547 ,
1269 1491 1341 1536 sed
1366 1507 1532 1536 caecum
1560 1508 1583 1535 a
1607 1507 1694 1535 me-

310 1562 502 1607 ticulosis
525 1573 748 1625 extorquet
772 1579 1003 1608 assensum.
1030 1584 1048 1603 »
1070 1563 1182 1608 Novi
1208 1562 1384 1625 quidem
1405 1561 1601 1606 haeretici
1617 1578 1694 1607 vos

307 1633 424 1688 estis,
461 1632 533 1676 sed
554 1632 679 1677 istam
703 1649 813 1695 pene
839 1632 1034 1677 omnium
1063 1632 1370 1678 haereticorum
1401 1641 1586 1677 veterem
1612 1648 1693 1677 vo—

310 1718 405 1747 cem
429 1719 529 1747 cum
552 1703 718 1747 caeteris
755 1703 985 1761 agnovistis
1013 1714 1143 1765 atque
1171 1703 1375 1748 tenuistis.
1407 1703 1494 1747 Nec
1521 1719 1600 1755 vos*
1614 1719 1692 1747 nec

312 1770 415 1816 alios
438 1771 665 1834 decipiatis
686 1809 695 1827 ‚
737 1772 855 1817 velut
882 1772 1011 1817 talem
1044 1789 1194 1817 vocem
1220 1773 1430 1817 habentes
1462 1772 1692 1819 adversum

309 1858 411 1896 1103,
441 1842 612 1904 qualem
638 1859 713 1886 nos
745 1842 973 1887 adversum
1008 1843 1280 1898 Donatistas}
1312 1860 1420 1906 quos
1455 1842 1511 1887 ad
1538 1841 1692 1887 (Iolla-

309 1912 471 1957 tionem
495 1912 725 1958 nobiscum
750 1913 895 1958 venire
932 1930 1011 1976 per
1043 1914 1285 1976 imperialia
1311 1918 1429 1974 jussa
1469 1913 1693 1977 compuli-

311 1999 405 2027 mus
427 2000 436 2026 :
467 1983 482 2044 (
502 1983 680 2028 illorum
707 1983 821 2028 enim
846 1983 968 2029 furor
992 1995 1284 2047 occupaverat
1306 1984 1497 2030 Africam
1520 1995 1655 2029 totam
1676 2021 1686 2039 ,

309 2068 386 2097 nec
416 2052 651 2114 praedicari
673 2071 695 2097 a
717 2053 943 2098 catholicis
968 2054 1191 2099 veritatem
1221 2065 1374 2099 contra
1398 2070 1522 2099 suum
1547 2054 1690 2116 patie-

309 2123 469 2168 bantur
488 2140 676 2169 errorem
697 2160 707 2180 ,
747 2123 946 2170 violentis
977 2125 1321 2184 aggressionibus
1339 2163 1349 2180 ‚
1385 2125 1690 2171 latrocinatio-

307 2193 436 2238 nibus
451 2230 461 2249 ‚
488 2193 693 2239 itinerum
717 2194 1042 2250 obsidionibus,
1061 2196 1247 2258 rapinis,
1277 2196 1475 2255 ignibus,
1494 2194 1690 2240 caedibus

305 2264 440 2309 multa
464 2275 678 2310 vastantes
698 2302 708 2320 ,
741 2276 903 2310 cuncta
938 2276 1145 2311 terrentes
1168 2284 1179 2311 ε
1206 2268 1221 2328 )
1245 2278 1345 2311 011111
1369 2263 1546 2330 1111111113
1569 2266 1686 2329 apud

305 2335 556 2396 episcopos,
587 2352 696 2397 quos
717 2352 970 2381 communes
990 2353 1079 2380 non
1103 2336 1378 2381 habebamus
1394 2373 1405 2389 ‚
1431 2336 1545 2382 nihil
1568 2353 1690 2395 agere

303 2415 554 2466 poteramus
576 2423 586 2449 :
613 2405 733 2469 quod
759 2423 861 2451 vero
883 2417 981 2452 ante
1001 2406 1134 2452 ferme
1158 2417 1333 2452 centum
1355 2423 1489 2451 annos
1507 2410 1690 2465 maj0res

302 2475 437 2519 nostri
460 2491 560 2520 eum
583 2476 642 2520 eis
662 2486 854 2535 egerant,
869 2479 962 2536 jam
987 2476 1253 2539 populorum
1284 2476 1491 2522 memoria
1510 2493 1599 2521 non
1619 2487 1688 2521 te-

304 2544 449 2591 nebat.
480 2544 589 2590 Haec
623 2545 758 2611 igitur
790 2546 1019 2600 necessitas
1042 2546 1283 2610 compulit,
1320 2557 1369 2592 ut
1394 2547 1544 2592 saltem
1563 2546 1693 2606 gestis

352 2628 362 2649 ¹
383 2630 482 2660 Joan.
501 2638 549 2666 vr,
571 2629 627 2664 54.
