1843 3190
182 373 1545 406 mmmmmwmmmmmmmmmmmmwmmm

672 513 1067 602 INDEX

349 687 505 734 ΤΟΜῙ
541 689 870 739 CENTESIMI
907 697 1381 752 QUADRAGESIMI.

783 858 959 870 -ὑ-

194 1003 377 1037 CONTRA
394 1003 512 1036 DUAS
529 1003 770 1040 EPISTOLAS
785 1008 1148 1043 PELAGIANORUM
1171 1009 1230 1043 An
1259 1011 1442 1047 BONIFA-
1455 976 1538 1007 hm-

231 1063 354 1095 CIUM
372 1063 510 1095 ROMAE
523 1064 754 1099 ECCLESIAE
769 1067 1029 1102 EPISCOPUM
1042 1094 1049 1106 ,
1061 1079 1145 1101 unm
1162 1071 1359 1104 lv.—L=131n
1373 1071 1444 1105 111.

228 1121 336 1163 Pergit
349 1121 487 1154 refutare
500 1128 614 1154 caetera
628 1134 698 1166 quae
711 1125 905 1160 calumniose
917 1139 932 1160 a
945 1128 1122 1171 Pelagianis
1135 1127 1168 1160 in
1184 1129 1292 1161 eadem
1308 1130 1442 1172 epistola

230 1180 487 1212 Thessalonicam
503 1181 593 1213 missa
611 1182 828 1224 objectantur;
843 1187 1038 1228 exponitque
1051 1192 1159 1218 contra
1176 1197 1285 1219 eorum
1302 1188 1447 1221 haeresim

232 1239 309 1282 quid
325 1249 398 1271 vere
412 1239 571 1271 Catholici
589 1241 693 1273 dicant
702 1242 739 1273 de
752 1244 845 1284 Legis
860 1244 1012 1281 utilitate,
1026 1245 1102 1286 quid
1115 1245 1156 1276 de
1168 1245 1315 1286 baptismi
1330 1248 1444 1280 effectu

228 1303 261 1330 et
277 1297 396 1329 virtute
424 1297 563 1330 doceant
577 1320 584 1334 ‚
603 1299 679 1340 quid
696 1299 734 1331 de
751 1301 916 1343 utriusque
935 1303 1145 1339 Testamenti,
1169 1303 1296 1335 Veteris
1312 1315 1347 1336 ac
1364 1305 1444 1338 Novi

232 1356 444 1399 discrepantia
456 1380 467 1394 ,
494 1356 571 1398 quid
591 1356 629 1388 de
652 1357 886 1399 Prophetarum
901 1365 933 1392 et
953 1361 1176 1402 Apostolorum
1186 1361 1308 1402 justitia
1323 1368 1354 1395 et
1370 1375 1445 1405 per-

233 1415 385 1452 fectione,
403 1414 481 1457 quid
497 1415 536 1447 de
547 1416 667 1457 peccati
682 1417 714 1447 in
732 1417 862 1450 Christo
877 1419 1100 1461 appellatione,
1116 1430 1185 1451 cum
1197 1419 1229 1451 in
1246 1420 1452 1454 similitudine

234 1475 337 1508 carnis
368 1475 488 1516 peccati
515 1475 553 1507 de
580 1483 709 1518 peccato
733 1477 894 1510 damnasse
911 1484 1077 1520 peccatum
1103 1479 1218 1510 dicitur
1233 1503 1242 1516 ‚
1271 1480 1322 1510 vel
1348 1480 1449 1513 sactus

233 1537 301 1578 ipse
314 1538 495 1576 peccatum
513 1535 591 1576 quid
607 1542 766 1577 postremo
784 1537 822 1569 de
836 1543 1068 1581 praeceptorum
1087 1538 1119 1569 in
1134 1538 1239 1570 futura
1255 1537 1319 1569 vita
1338 1538 1448 1580 imple-

234 1596 322 1627 tione
339 1591 561 1636 profiteantur.
1535 1599 1553 1629 3

192 1685 294 1716 Lina
307 1693 351 1714 iv.
366 1682 539 1724 Postquam
557 1682 714 1723 conjectas
738 1683 771 1714 in
786 1683 969 1716 catholicos
986 1682 1222 1715 criminationes
1241 1682 1332 1714 diluit
1350 1693 1446 1725 supe-

235 1739 372 1774 rioribus
388 1738 489 1778 libris,
505 1739 555 1770 hic
566 1738 632 1779 jam
646 1739 837 1780 Augustinus
848 1741 952 1782 aperit
967 1740 1107 1778 insidias,
1122 1749 1194 1781 quae
1217 1740 1338 1782 reliqua
1361 1747 1451 1782 parte

236 1799 379 1843 epistolae
394 1797 540 1830 seeundae
555 1798 799 1837 Pelagianorum
811 1800 844 1830 in
855 1800 996 1841 quinque
1007 1798 1280 1831 doctrinaeeorum
1293 1798 1449 1840 capitibus

238 1860 349 1894 latent,
367 1857 398 1888 in
416 1856 509 1887 laude
525 1856 642 1888 scilicet
658 1862 823 1895 creaturae,
836 1857 929 1888 laude
941 1856 1138 1897 nuptiarum,
1149 1856 1242 1888 laude
1257 1855 1446 1897 tegis‚laude

236 1916 328 1951 liberi
351 1914 499 1951 arbitrii,
526 1919 558 1946 et
583 1913 676 1944 laude
699 1919 880 1945 sanctorum
897 1924 905 1945 z
923 1922 1020 1954 penes
1047 1922 1118 1954 quae
1141 1913 1245 1954 capita
1273 1923 1337 1947 non
1353 1915 1450 1954 magis

236 1974 423 2008 Maniehaeis
433 1983 528 2015 quam
539 1972 713 2004 Catholicis
735 1982 913 2014 repugnare
927 1981 961 2003 se
976 1971 1137 2012 Pelagiani
1152 1971 1288 2012 maligne
1301 1971 1421 2013 jactant
1437 1983 1446 2006 ς

235 2044 308 2066 cum
329 2031 383 2064 illa
408 2031 550 2074 quinque
575 2031 614 2062 ad
644 2033 702 2062 hoc
718 2031 836 2063 referre
861 2035 1052 2067 noscantur,
1077 2037 1114 2063 ut
1135 2028 1292 2071 triplicem
1307 2039 1448 2066 errarem

234 2101 325 2124 suum
336 2090 530 2126 obtrudant3
548 2099 661 2132 nempe
678 2090 740 2121 duo
762 2089 886 2131 priora,
903 2094 936 2120 ut
952 2093 1067 2130 negent
1080 2089 1233 2129 originale
1250 2094 1418 2130 peccatum
1433 2099 1441 2126 ς

237 2152 300 2184 duo
315 2149 534 2194 sequentia,ut
551 2150 682 2190 gratiam
697 2153 838 2180 statuant
853 2150 1025 2181 secundum
1041 2147 1152 2180 merita
1167 2147 1251 2184 dari3
1273 2148 1432 2189 quintum,

236 2217 271 2244 ut
284 2216 408 2243 sanctos
422 2209 455 2241 in
473 2211 530 2241 hac
546 2209 608 2240 vita
633 2214 796 2250 peceatum
811 2219 874 2240 non
899 2209 1043 2241 habuisse
1065 2208 1185 2240 dicant.
1211 2207 1358 2239 Ostendit
1376 2209 1441 2240 Au-

233 2271 375 2314 gustinus
394 2274 543 2310 utrasque
571 2268 723 2304 haereses,
745 2268 993 2299 Manichaeorum
1019 2273 1051 2299 et
1075 2268 1315 2309 Pelagiauorum
1330 2292 1338 2303 ,
1364 2268 1439 2299 hinc

233 2333 307 2364 inde
329 2330 492 2373 oppositas
505 2334 535 2361 et
559 2329 679 2370 pariter
693 2339 800 2360 exosas
821 2328 892 2360 fidei
910 2328 1082 2363 catholicae.
1104 2338 1166 2370 qua
1184 2327 1370 2370 profitemur
1381 2328 1444 2370 pri-

238 2403 337 2431 mum,
351 2390 467 2421 bonam
484 2398 548 2420 esse
573 2394 722 2420 naturam
739 2399 755 2419 a
771 2390 838 2420 Deo
855 2388 939 2420 bono
965 2388 1145 2423 conditam:
1172 2389 1225 2419 sed
1241 2398 1309 2420 eam
1333 2393 1438 2420 tamen

235 2452 390 2484 salvatore
403 2449 544 2490 indigere
556 2454 687 2491 propter
698 2449 851 2490 originale
866 2454 1039 2492 peccatum.
1049 2449 1134 2492 quod
1148 2460 1185 2481 ex
1201 2449 1293 2492 primi
1302 2449 1438 2481 hominis

238 2511 498 2554 praevaricatione
514 2510 546 2542 in
557 2521 666 2542 omnes
677 2511 858 2552 pertransiit
872 2522 880 2541 :
897 2516 964 2542 tum
981 2510 1097 2542 deinde
1111 2510 1210 2542 bonas
1226 2521 1290 2543 esse
1303 2511 1439 2552 nuptias.

240 2583 315 2605 vere
341 2583 358 2604 a
380 2573 449 2604 Deo
478 2571 653 2606 institutas;
676 2570 730 2603 sed
759 2571 873 2603 malam
899 2571 998 2614 ipsam
1026 2570 1315 2613 concupiscentiam
1331 2592 1340 2609 ,
1370 2580 1441 2613 qua!
