1843 3190
797 319 951 349 1NnEx.
1461 303 1547 349 521

239 405 304 427 esse
318 397 530 438 permixtum3
554 397 608 429 sed
636 407 692 440 per
718 398 795 429 Adae
823 398 1071 430 inobedientiam
1101 402 1247 428 exortum
1266 402 1360 438 atque
1386 403 1453 428 tra-

246 455 391 492 ductum,
407 461 437 488 et
460 467 516 498 per
532 456 652 488 Christi
680 456 895 489 obedientiam
919 456 1109 498 expiandum
1137 461 1232 498 atque
1246 455 1418 486 sanandum
1444 466 1452 485 ε

247 515 335 556 cujus
358 515 432 546 mali
455 516 647 557 obligatione
664 516 808 558 implicat
828 515 935 547 debita
958 526 1050 557 poena
1073 520 1272 553 nascentem,
1295 515 1387 546 solvit
1402 514 1452 545 in-

246 574 355 606 debita
378 574 476 616 gratia
494 581 721 607 renascentem.
738 575 787 606 Ex
805 575 879 617 ipsis
896 585 1022 616 quoque
1034 574 1153 605 Juliani
1169 574 1260 605 dictis
1275 574 1389 605 malam
1405 584 1458 605 os-

245 634 351 666 tendit
363 634 528 665 libidinem
541 645 548 665 :
567 634 685 677 quippe
701 634 754 677 qui
767 639 798 666 et
819 634 958 666 remedia
973 638 1084 665 contra
1098 643 1170 665 eam
1184 639 1343 675 agnoscat,
1363 639 1394 666 et
1407 644 1458 665 ra-

246 695 334 727 tione
348 694 464 727 frenari
478 705 546 727 eam
560 695 649 733 velit,
666 705 702 727 ac
720 694 858 736 denique
883 693 969 725 dicat
991 692 1124 734 gloriosa
1152 693 1184 724 in
1212 694 1310 734 ipsam
1327 704 1344 725 a
1361 694 1459 725 conti-

248 754 397 787 nentibus
413 753 552 786 exerceri
568 753 748 786 certamina.
1505 753 1561 785 182

207 860 307 890 Lmen
321 858 382 891 IV.
412 858 510 890 Libro
524 858 645 890 Juliani
668 858 805 890 secundo
826 858 997 900 respondet
1018 857 1219 899 Augustinus,
1246 857 1328 889 dicta
1344 856 1440 898 ipsius
1455 880 1463 893 ‚

254 923 292 951 ut
312 918 346 949 in
361 918 455 960 primi
477 917 551 949 libri
567 918 783 950 confutatione
804 917 879 950 fecit
892 940 901 955 ‚
919 917 1042 959 singula
1065 917 1225 949 excutiens
1242 939 1251 955 ,
1275 917 1312 948 iis
1339 921 1463 949 tantum

253 975 378 1007 silentio
389 975 605 1017 praetermissis
616 1000 626 1013 ,
642 986 712 1018 quae
727 976 864 1018 aliquem
889 976 1006 1007 nodum
1024 975 1209 1018 quaestionis
1224 974 1263 1005 ad
1289 985 1354 1006 rem
1368 974 1467 1016 perti-

252 1034 356 1065 nentis
385 1044 450 1066 non
477 1034 610 1066 habent.
642 1036 746 1073 Atque
779 1035 829 1066 hic.
862 1034 924 1065 duo
965 1037 1140 1076 praesertim
1175 1034 1287 1075 probat
1299 1056 1309 1071 ‚
1370 1043 1467 1064 unum

256 1093 384 1135 quidem
398 1119 406 1130 ,
421 1093 553 1126 virtutes
584 1093 759 1125 infidelium
777 1104 864 1126 veras
891 1105 954 1126 non
975 1104 1040 1125 esse
1058 1104 1067 1124 ι
1085 1093 1219 1125 alterum
1245 1103 1320 1124 vero
1337 1093 1470 1129 malum,

259 1165 323 1187 esse
342 1155 631 1196 concupiscentiam
644 1178 653 1194 ,
674 1155 759 1197 quod
786 1154 861 1196 ipsis
887 1155 983 1186 etiam
998 1154 1166 1196 gentilium
1181 1153 1351 1185 sententiis
1369 1175 1378 1190 ,
1396 1162 1472 1194 prae-

259 1215 357 1248 bente
368 1215 564 1261 occasionem
576 1215 766 1249 adversario.
780 1220 1022 1247 commonstrat.
1035 1214 1128 1246 Circa
1145 1198 1285 1244 medium
1302 1212 1375 1243 libri
1391 1222 1465 1254 pau-

264 1278 308 1311 cis
327 1277 431 1310 obiter
443 1277 535 1307 docet
551 1275 710 1317 quomodo
717 1276 815 1316 gratia
832 1286 896 1306 non
909 1274 1080 1306 secundum
1096 1273 1208 1305 merita
1220 1273 1312 1304 detur
1325 1296 1333 1307 ‚
1346 1281 1403 1303 nec
1420 1277 1471 1303 ta-

263 1352 335 1374 men
355 1342 388 1374 in
404 1342 501 1373 satum
525 1340 566 1372 sit
592 1337 776 1374 referenda;
806 1342 904 1378 utque
925 1333 1165 1375 intelligendum
1193 1331 1278 1373 quod
1310 1330 1480 1372 Apostolus

266 1402 355 1443 dicit,
367 1403 471 1433 Deum
483 1400 566 1432 velle
579 1408 689 1431 omnes
701 1398 843 1429 homiues
856 1396 958 1428 salvos
978 1394 1042 1427 fieri
1052 1416 1061 1425 .
1527 1389 1587 1427 ²40

227 1500 322 1532 Lina
335 1498 376 1529 V.
402 1495 593 1538 Aggreditur
613 1493 732 1525 librum
746 1491 866 1524 Juliani
888 1490 1016 1522 tertium
1033 1510 1041 1527 ‚
1067 1488 1223 1529 (locetque
1244 1486 1383 1528 primum
1409 1493 1467 1514 cur

269 1569 386 1591 novam
401 1556 557 1591 haeresim,
574 1565 642 1597 quae
654 1558 819 1596 peccatum
831 1550 962 1592 originis
987 1548 1102 1589 rejicit,
1121 1546 1297 1578 detestetur
1313 1542 1482 1575 multitudo

275 1617 456 1652 Christiana
471 1628 480 1653 ς
499 1615 574 1657 quia
590 1613 742 1646 nimirum
756 1611 842 1643 videt
856 1610 1024 1651 imaginem
1037 1608 1098 1640 Dei
1115 1612 1221 1639 tantos
1234 1605 1286 1636 hic
1299 1605 1331 1635 in
1347 1602 1486 1646 parvulis

277 1679 434 1711 cruciatus
450 1677 530 1718 pati,
550 1679 580 1706 et
598 1673 622 1705 si
636 1672 754 1714 absque
765 1674 962 1703 sacramento
976 1665 1225 1709 regenerationis
1241 1665 1414 1697 intereant,
1434 1672 1492 1693 no-

280 1740 327 1771 vit
342 1736 464 1770 excludi
480 1746 497 1767 a
514 1744 610 1776 regno
624 1732 696 1765 Dei.
713 1731 911 1764 Perizomata
928 1739 943 1761 a
959 1727 1142 1771 parentibus
1155 1725 1266 1768 primis
1280 1724 1322 1756 ob
1335 1722 1490 1765 pudorem

281 1808 321 1830 ex
344 1800 473 1839 peccato
496 1793 644 1826 veniente
664 1796 822 1832 assumpta
847 1789 940 1820 fuisse
965 1786 1092 1830 probat.
1119 1786 1287 1818 Peccatum
1316 1792 1406 1825 posse
1428 1790 1493 1812 esse

284 1852 488 1897 praecedentis
501 1850 619 1893 peccati
635 1860 772 1891 poenam.
785 1847 880 1879 veluti
899 1856 975 1878 cum
991 1845 1078 1876 Deus
1093 1842 1206 1885 impios
1221 1841 1321 1874 tradit
1336 1840 1369 1871 in
1383 1849 1491 1881 repro-

285 1913 364 1944 bum
375 1921 509 1945 sensum,
523 1915 559 1941 ut
571 1907 686 1941 faciant
697 1916 768 1948 quae
782 1916 844 1936 non
857 1903 1061 1936 conveniunt.
1079 1901 1127 1933 Es
1143 1900 1255 1931 eadem
1270 1899 1354 1930 enim
1370 1897 1500 1928 damna-

289 1972 385 2005 tionis
397 1980 494 2001 massa
502 1973 681 2010 peccatores
695 1966 772 1997 alios
789 1975 854 1996 esse
868 1964 966 2005 graiis
975 1961 1092 1993 electos
1103 1965 1132 1991 et
1146 1958 1400 2000 praedestinatos,
1417 1965 1496 1996 quos

291 2042 347 2074 per
363 2030 597 2062 misericordem
608 2028 784 2059 bonitatem
803 2023 933 2055 adducit
949 2021 988 2052 ad
1006 2018 1239 2063 poenitentiam,
1267 2017 1344 2048 alios
1359 2025 1432 2046 vasa
1448 2014 1503 2044 irae

295 2091 392 2122 factos
404 2113 413 2129 ,
433 2100 511 2131 quos
539 2088 709 2120 secundum
722 2086 842 2126 justum
859 2081 1012 2124 judicium
1027 2090 1089 2111 non
1107 2077 1246 2110 adducit.
1267 2074 1504 2116 Concupiscen-

296 2150 373 2181 tiam
395 2159 459 2179 non
481 2148 553 2178 ideo
575 2146 667 2177 laude
684 2145 831 2185 dignam,
857 2141 942 2183 quod
967 2149 1022 2181 per
1039 2149 1107 2170 eam
1135 2135 1270 2168 hominis
1292 2132 1509 2166 inobedientia

300 2209 447 2252 puniatur
462 2218 470 2238 2
487 2207 542 2238 sed
556 2205 671 2236 vitium
687 2214 751 2235 esse
765 2226 773 2240 ,
793 2207 888 2243 alque
900 2204 932 2231 in
952 2199 996 2231 eis
1012 2198 1106 2230 etiam
1120 2196 1173 2238 qui
1191 2194 1294 2237 pravis
1310 2193 1406 2234 ipsius
1419 2191 1512 2222 moti-

302 2269 360 2300 bus
377 2278 438 2299 non
452 2263 665 2297 consentiunt,
675 2273 800 2303 semper
814 2259 948 2295 malum,
970 2255 1209 2297 intelligendum
1227 2252 1367 2294 Apostoli
1380 2251 1510 2281 dictum.

309 2329 349 2359 Ue
366 2327 444 2358 sciat
465 2323 677 2364 unusquisque
693 2332 786 2351 suum
805 2330 859 2350 vas
874 2317 1039 2359 possidere,
1056 2320 1115 2346 etc.
1133 2313 1253 2343 Verum
1266 2311 1331 2341 sine
1345 2308 1518 2340 concubitu

307 2397 383 2422 esse,
401 2386 493 2427 quale
517 2382 629 2414 Mariae
646 2391 716 2412 cum
738 2378 879 2420 Josepho
906 2376 963 2408 suit
983 2373 1174 2415 conjugium.
1206 2370 1336 2400 Frustra
1353 2366 1517 2397 Julianum

309 2456 346 2478 ex
373 2441 584 2476 Aristotelicis
621 2438 788 2480 categoriis
813 2444 945 2476 arguere
985 2437 1094 2463 contra
1138 2433 1303 2470 peccatum
1335 2436 1375 2457 ex
1408 2434 1522 2465 paren-

311 2506 397 2539 tibus
431 2503 622 2535 traductum.
649 2497 797 2531 Ostendit
836 2494 914 2538 quid
949 2503 1021 2524 caro
1048 2489 1167 2522 Christi
1199 2499 1216 2519 a
1252 2492 1436 2518 caeterorum
1470 2484 1526 2514 ho-

315 2567 442 2598 minum
460 2572 555 2594 carne
573 2558 695 2602 peccati
717 2557 823 2589 distet.
850 2551 1034 2586 Manichaeis
1056 2549 1186 2582 minime
1206 2547 1311 2578 favere
1328 2543 1508 2576 Catholicos
1520 2566 1529 2581 ‚

316 2626 394 2657 dum
409 2621 551 2655 libidinis
565 2619 683 2652 matum
696 2622 728 2650 et
744 2614 902 2658 originale
925 2616 1090 2656 peccatum
1106 2610 1297 2650 agnoscunt,
1322 2603 1376 2635 sed
1393 2601 1534 2642 Pelagia-
