1843 3190
16 349 17 354 ,
80 326 255 359 CONTRA
288 325 401 356 DUAS
434 322 667 355 EPISTOLAS
703 323 1072 366 PELAGIANORUM,
1111 325 1197 359 ΜΒ.
1238 330 1309 361 111.
1383 315 1445 362 35

17 451 19 454 Α
79 402 142 438 est
160 402 311 438 contra
335 388 648 437 Manichaeum.
672 388 782 434 Item
805 388 924 453 quod
955 390 1121 454 nuptiis
1135 428 1146 448 ,
1167 409 1273 456 quas
1292 394 1445 441 lauda-

17 461 19 495 ῗ
78 479 173 508 mus
197 480 221 508 a
238 461 427 508 Domino
461 460 714 505 constitutas
729 496 741 516 ,
780 460 1178 523 concupiscentiam
1204 464 1344 509 carnis
1364 464 1453 510 im-

18 547 19 551 ’
78 532 322 596 putandam
360 547 444 577 esse
484 546 571 576 non
595 529 810 584 dicimus;
836 541 876 575 et
915 541 1068 576 contra
1089 532 1339 592 Pelagianos
1360 545 1422 580 est
1437 572 1450 591 ,

18 624 19 629 ¹
79 604 159 665 qui
181 620 275 649 eam
294 604 340 648 in
362 600 569 647 laudibus
591 611 790 663 ponunt3
822 610 864 645 et
884 611 1034 647 contra
1058 603 1345 662 Manichaeos,
1377 605 1453 667 qui

19 710 21 730 ÷
78 690 172 720 eam
192 673 319 719 malae
338 672 487 718 alienae
509 682 676 717 naturae
696 671 915 726 tribuunt3
931 688 1032 718 cum
1043 672 1097 718 sit
1108 684 1267 720 nostrae
1285 685 1453 720 naturae

20 786 21 795 ,
82 743 279 789 accidens
304 742 488 799 malum,
508 759 598 788 non
620 742 700 787 Dei
724 741 1016 801 disjunctione
1037 744 1332 807 separandum
1346 781 1357 799 ‚
1380 744 1456 791 sed

20 807 23 880 1
81 814 162 859 Dei
195 813 467 859 miseratione
503 812 760 859 sanandum.
803 813 912 859 Item
952 813 1072 877 quod
1107 814 1293 861 dicimus
1321 815 1459 875 legem

20 888 23 903 ¹
79 894 292 941 sanctam,
319 894 360 930 et
374 887 561 944 justam,
578 894 619 929 et
638 883 802 929 bonam
820 882 858 940 1,
877 900 966 929 non
978 884 1268 943 justificandis
1289 885 1455 949 impiis,

21 987 24 1019 3
77 954 152 1000 sed
180 954 489 1002 convincendis
512 954 729 1016 superbis,
758 954 1130 1016 praevaricationis
1163 955 1301 1015 gratia
1337 955 1459 1018 posi-

22 1025 25 1070 ἱ
80 1035 194 1082 tam3
216 1035 258 1070 et
284 1034 436 1069 contra
459 1023 730 1068 Manichaeos
748 1035 811 1069 est
826 1060 837 1079 ,
860 1024 964 1087 quia
999 1024 1240 1070 secundum
1270 1026 1462 1088 Aposto-

22 1109 25 1134 τ
79 1093 173 1139 lum
199 1093 463 1150 laudatur23
490 1103 531 1138 et
569 1103 721 1138 contra
755 1093 1036 1153 Pelagianos,
1080 1094 1184 1157 quia
1225 1094 1464 1141 secundum

23 1200 26 1227 ἱ
81 1164 359 1226 Apostolum,
387 1180 514 1208 nemo
537 1181 585 1208 ex
602 1163 691 1222 lege
710 1163 1004 1222 J'ustificatur:
1040 1174 1082 1210 et
1115 1163 1212 1210 ideo
1232 1164 1464 1212 vivifican-

23 1235 27 1284 ἶ
80 1233 146 1279 dis
170 1235 227 1280 eis
245 1252 353 1298 quos
372 1234 514 1280 littera
537 1234 752 1290 occidit3,
773 1234 819 1280 id
839 1245 918 1291 est,
946 1252 1054 1300 quos
1078 1235 1144 1281 lex
1160 1235 1277 1280 bona
1300 1236 1464 1299 praeci-

80 1304 204 1367 piens
222 1305 582 1368 praevaricatione
599 1322 692 1350 reos
713 1304 834 1362 facit,
854 1305 1033 1369 spiritus
1056 1306 1207 1366 gratiae
1226 1306 1358 1366 gratis
1371 1305 1466 1368 opi-

84 1374 263 1422 tulatur.
300 1376 410 1420 Item
444 1374 564 1438 quod
588 1375 819 1421 arbitrium
845 1375 891 1421 in
923 1376 1038 1421 malo
1061 1375 1250 1421 liberum
1278 1375 1464 1421 dicimus

26 1473 29 1483 r
83 1444 139 1490 ad
163 1445 380 1505 agendum
401 1445 571 1491 bonum
596 1446 732 1506 gratia
766 1446 848 1492 Dei
872 1463 957 1492 esse
975 1446 1272 1503 liberandum,
1314 1456 1467 1491 contra

26 1527 27 1531 ’
81 1515 335 1575 Pelagianos
363 1527 452 1561 est:
498 1516 619 1580 quod
656 1528 800 1562 autem
839 1515 1025 1561 dicimus
1065 1516 1120 1561 ab
1149 1515 1224 1561 illo
1248 1525 1463 1566 exortum,

26 1610 29 1621 ·
79 1585 199 1649 quod
218 1596 340 1631 antea
359 1603 448 1631 non
467 1597 559 1632 erat
582 1587 747 1632 malum
767 1597 919 1632 contra
944 1586 1215 1632 Maniehaeos
1238 1596 1314 1632 est.
1354 1587 1463 1631 Item

27 1689 30 1695 n
80 1655 201 1718 quod
211 1667 380 1702 sanctos
398 1657 674 1703 patriarchas
695 1668 737 1702 et
750 1657 995 1721 Prophetas
1014 1656 1173 1702 debitis
1192 1656 1239 1701 in
1257 1659 1352 1700 Deo
1371 1654 1464 1700 lau-

82 1725 212 1771 dibus
235 1726 521 1783 honoramus,
546 1726 776 1774 adversum
797 1738 858 1773 est
880 1726 1139 1773 Manicliaeis
1167 1743 1178 1771 ε
1206 1724 1327 1789 quod
1360 1741 1462 1772 vero

28 1839 31 1865 Ξ
82 1805 124 1841 et
142 1795 245 1859 ipsis
265 1797 464 1859 quamvis
479 1797 607 1856 J'ustis
623 1808 663 1843 et
681 1799 772 1843 Deo
796 1796 1072 1860 placentibus
1098 1794 1458 1858 propitiationem

29 1871 31 1876 ’
83 1865 262 1911 Domini
274 1866 403 1912 fuisse
421 1866 607 1913 dicimus
621 1868 923 1924 necessariam,
946 1866 1173 1914 adversum
1189 1875 1251 1911 est
1268 1865 1461 1925 Pelagia-

30 1950 32 2000 ὲ
82 1936 161 1983 nis.
185 1936 429 2000 Utrosque
417 1938 548 1997 lgitur
560 1938 779 1984 catholica
796 1938 919 1994 fides,
943 1937 1054 1983 sicut
1071 1947 1111 1982 et
1130 1946 1309 1982 caeteros
1324 1936 1464 1981 haere-

30 2002 32 2014 ²
82 2007 207 2062 ticos,
235 2007 498 2054 advelsarios
519 2009 711 2066 invenit,
741 2019 946 2071 utrosque
978 2007 1227 2055 divinorum
1266 2006 1463 2052 testimo-

82 2077 255 2122 nimum
270 2078 524 2124 auctoritate
543 2089 584 2125 et
597 2078 694 2124 luce
710 2097 733 2126 v
739 2079 899 2125 eritatis
914 2077 1149 2125 convincit.

150 2147 310 2194 XXVI.
354 2148 537 2194 Addunt
565 2166 663 2194 sane
692 2149 747 2194 ad
772 2149 1039 2195 latebrarum
1071 2164 1247 2193 suarum
1278 2147 1460 2192 nebulas

84 2216 326 2276 Pelagiani‚
366 2218 419 2263 de
449 2219 614 2279 origine
639 2219 794 2265 animae
827 2236 918 2264 non
943 2217 1222 2264 necessariam
1259 2217 1461 2280 quaestio-

34 2308 35 2322 1
84 2304 207 2341 nem3
230 2287 391 2333 adhoc
422 2299 470 2334 ut
506 2306 571 2335 res
591 2289 857 2345 manifestas,
884 2289 1064 2335 aliarum
1090 2305 1233 2334 rerum
1259 2288 1460 2334 obscuri-

85 2367 170 2402 tate
203 2357 448 2415 turbando‚
484 2359 720 2405 moliantur
752 2359 917 2405 latendi
944 2359 1104 2405 locum.
1146 2358 1283 2404 Aiunt
1315 2359 1455 2414 enim,

34 2470 37 2476 ,
86 2447 107 2468 α
125 2427 212 2472 Nos
226 2427 468 2474 animarum
485 2429 707 2475 traducem
723 2446 826 2475 cum
841 2429 1010 2493 peccati
1026 2428 1202 2473 traduce
1215 2429 1458 2474 contueri.»

36 2511 37 2526 ³
87 2495 219 2552 Quod
242 2497 321 2542 ubi
341 2508 382 2543 et
405 2500 581 2562 quando
605 2501 651 2545 in
671 2517 821 2546 eorum
835 2537 847 2556 ,
886 2500 976 2562 quiv
996 2498 1235 2544 defendunt
1257 2497 1458 2545 adversus

35 2571 37 2584 “
85 2565 187 2611 istos
215 2566 475 2615 catholicam
508 2569 667 2627 fidem,
711 2569 780 2617 vel
814 2568 1084 2615 sermonibus
1122 2567 1360 2625 audierint,
1389 2564 1458 2614 vel

136 2646 147 2670 ¹
166 2651 259 2685 Rom.
275 2660 333 2690 vn,
355 2661 408 2684 12.
423 2650 495 2700 “5²
510 2653 617 2686 Galat.
635 2663 686 2696 ιη,
708 2664 761 2694 19,
779 2657 810 2684 et
832 2661 887 2686 η.
909 2667 952 2676 --
966 2647 980 2675 3
996 2661 1013 2682 2
1033 2654 1107 2686 Cor.
1126 2661 1176 2693 m,
1194 2651 1227 2683 6·

1278 2702 1322 2751 3.
