1843 3190
338 212 428 267 204
757 229 790 258 s.
835 229 1080 262 Auensrmi
1116 229 1319 263 EPISCOPI

333 315 355 337 >2
373 295 458 340 sive
492 294 537 340 in
561 294 757 358 corporis
791 295 965 343 1>0nis1.
994 318 1014 337 ›>
1041 297 1112 342 Ibi
1145 298 1260 342 enim
1297 308 1396 344 sunt
1434 309 1475 344 et
1498 298 1578 345 ista
1612 317 1713 365 quae

329 365 693 425 inaniter'garris,
722 382 882 428 corpus
901 403 911 416 ,
933 377 975 412 et
994 367 1134 423 oculi²
1160 379 1201 413 et
1221 368 1416 413 membra
1439 380 1609 416 caetera.
1660 371 1713 416 ln

332 454 381 482 eo
402 453 551 495 genere
569 446 669 481 sunt
688 437 818 481 etiam
850 454 950 500 quae
980 438 1026 483 in
1053 440 1163 498 agris
1188 456 1459 501 paganorum
1495 440 1714 486 frumenta

335 516 600 559 nascuntur,
626 523 812 569 quorum
840 508 957 552 Deus
991 518 1160 552 creator
1183 519 1273 562 est,
1307 526 1395 554 non
1433 511 1603 571 pagani.
1648 512 1715 555 An

334 594 423 622 non
450 587 493 621 tu
518 578 607 639 ipse
644 577 756 621 inter
780 588 935 622 caetera
955 577 1081 623 etiam
1114 579 1192 623 ista
1221 580 1354 624 verba
1384 596 1477 625 mea
1500 579 1712 642 posuisti,

335 648 412 692 uhi
432 647 547 691 (lixi'2
575 665 584 691 :
608 667 628 687 «
649 647 801 692 Anima
828 649 940 692 enim
965 659 1007 693 et
1033 665 1193 711 corpus
1215 660 1257 694 et
1284 666 1574 713 quaecumque
1598 650 1715 695 bona

335 718 492 764 animae
514 729 555 762 et
575 720 770 780 corporis
791 719 1045 764 naturaliter
1081 721 1230 770 insita,
1268 721 1395 765 etiam
1416 722 1460 765 in
1481 721 1720 783 peccatori-

336 788 421 832 bus
444 786 558 831 dona
598 787 677 831 Dei
711 798 838 844 sunt3
872 789 1078 850 quoniam
1103 792 1222 832 Deus
1240 824 1252 843 ,
1278 806 1366 832 non
1389 790 1473 851 ipsi
1508 790 1588 834 ista
1610 789 1719 834 fece-

340 867 444 902 runt
463 874 473 901 t
499 856 552 901 de
569 856 636 901 bis
653 867 794 903 autem
813 874 914 920 quae
929 858 1098 903 faciunt
1115 857 1283 903 dictum
1301 869 1388 903 est:
1407 859 1584 904 «Omne
1599 858 1720 922 quod

339 948 361 970 ‚,
379 944 467 971 non
484 936 545 971 est
563 943 610 971 ex
628 925 731 982 fide,
749 938 981 989 peccatum
1003 931 1093 973 est?
1114 949 1134 968 ›>
1156 928 1282 973 Hanc
1306 928 1480 974 brevem
1499 965 1512 986 ,
1535 929 1608 975 sed
1630 929 1720 974 uti-

340 1015 426 1061 que
450 1008 644 1061 apertam
675 999 931 1044 sententiam
962 1017 1103 1044 meam
1127 1000 1161 1044 si
1184 1011 1328 1045 mente
1352 1002 1552 1046 tenuisses
1567 1038 1578 1056 ,
1610 1010 1721 1063 puto

341 1068 461 1131 quod
483 1079 573 1113 tam
592 1069 820 1131 improbus
843 1087 931 1114 non
956 1070 1103 1115 fuisses
1122 1107 1132 1124 ‚
1163 1080 1212 1114 ut
1240 1087 1318 1115 nos
1339 1088 1462 1133 posse
1485 1071 1627 1116 (licere
1650 1087 1720 1116 as-

342 1156 522 1195 serereS,
562 1140 665 1202 quia
701 1160 721 1180 «
746 1140 918 1203 Corpus
947 1157 1218 1203 paganorum
1249 1157 1410 1203 corpus
1440 1158 1529 1186 non
1562 1141 1642 1197 sit,
1681 1150 1723 1185 et

343 1209 459 1255 oculi
490 1226 760 1272 paganorum
794 1227 965 1255 sensum
988 1227 1078 1255 non
1107 1210 1301 1256 habeant
1324 1210 1543 1268 intuendi,
1568 1221 1610 1256 et
1626 1209 1723 1255 fru-

343 1290 489 1324 menta
509 1296 609 1341 quae
632 1280 677 1324 in
693 1298 963 1342 paganorum
982 1291 1220 1325 nascuntur
1247 1280 1380 1339 agris,
1402 1281 1616 1326 frumenta
1635 1297 1724 1325 non

342 1351 443 1396 sint.
471 1371 490 1390 n
519 1351 575 1394 Ut
597 1350 711 1395 enim
745 1350 828 1395 tibi
862 1361 1065 1414 tanquan]
1093 1350 1146 1395 de
1175 1368 1328 1395 somno
1364 1352 1546 1396 excitato
1575 1350 1724 1396 eadem

345 1421 478 1465 verba
495 1436 588 1465 mea
613 1431 807 1483 repetam
827 1457 837 1476 ‚
866 1438 966 1483 quae
989 1432 1072 1465 tuae
1096 1421 1317 1466 inenioriae
1336 1419 1526 1466 fortassis
1556 1431 1604 1466 ut
1627 1420 1726 1465 haec

345 1491 508 1536 diceres
543 1491 827 1536 exciderunt:
864 1513 884 1532 α
911 1492 1015 1536 Haec
1045 1491 1172 1535 etiam
1205 1492 1250 1536 in
1276 1491 1582 1553 peccatoribus
1612 1490 1727 1536 dona

346 1562 426 1608 Dei
451 1572 578 1615 sunt;
608 1562 816 1625 quoniam
845 1563 961 1607 Deus
977 1599 987 1618 ‚
1012 1578 1100 1606 non
1121 1562 1206 1624 ipsi
1234 1562 1311 1606 ista
1337 1561 1558 1606 fecerunt:
1584 1560 1637 1606 de
1659 1560 1728 1604 his

349 1643 492 1678 autem
517 1648 617 1695 quae
641 1632 808 1678 faciunt
828 1632 995 1678 dictum
1025 1642 1085 1677 est
1109 1649 1119 1675 :
1144 1652 1163 1672 «
1186 1632 1328 1676 Omne
1347 1631 1466 1694 quod
1492 1648 1579 1676 non
1597 1641 1659 1675 est
1682 1647 1728 1674 ex

352 1725 373 1746 »
396 1703 503 1759 fide,
527 1714 760 1766 peccatum
780 1714 856 1749 est.
883 1725 903 1745 ›)
942 1704 1026 1748 Sed
1063 1720 1162 1748 cum
1185 1703 1334 1748 insana
1366 1703 1474 1747 dicis
1511 1714 1552 1756 et
1586 1701 1725 1755 rides,

348 1774 608 1837 phrenetico
627 1791 668 1819 es
696 1774 845 1819 similis
868 1792 878 1818 z
907 1792 1006 1819 cnm
1033 1785 1178 1819 autem
1209 1790 1307 1818 vera
1331 1790 1431 1836 quae
1458 1772 1557 1818 dico
1589 1773 1666 1818 abs
1690 1783 1730 1817 te

349 1845 483 1908 paulo
518 1855 616 1889 ante
646 1856 985 1890 commemorata
1006 1883 1015 1901 ,
1054 1854 1095 1889 ct
1127 1844 1232 1889 huic
1268 1844 1352 1906 ipsi
1383 1843 1505 1907 operi
1538 1853 1613 1888 tuo
1642 1859 1730 1906 quo

349 1914 460 1959 mihi
491 1914 751 1977 respondere
785 1914 942 1959 videris
973 1915 1158 1968 inserta,
1197 1914 1256 1958 sic
1301 1930 1389 1958 non
1430 1912 1638 1967 attendis,
1671 1912 1731 1957 sic.

350 1985 644 2040 oblivisceri53
680 2002 768 2032 non
793 1989 883 2045 jam
908 1985 1201 2048 phreneticis,
1234 1983 1306 2028 sed
1332 1984 1581 2044 lethargicis
1607 1999 1731 2028 com-

347 2057 531 2119 pararis.

416 2127 625 2173 XXVIII.
653 2148 673 2168 c<
694 2128 845 2173 Mirari
864 2137 904 2172 te
922 2127 1047 2183 dicis,
1069 2127 1187 2190 quod
1204 2138 1291 2172 tam
1309 2125 1533 2181 exceliens,
1549 2146 1570 2166 υ
1587 2141 1731 2170 meum

349 2197 581 2252 videlicet,
607 2199 717 2244 sicut
735 2198 964 2244 irridenter
980 2198 1193 2262 loqueris,
1227 2215 1315 2243 non
1343 2197 1453 2243 vidit
1482 2195 1700 2256 ingenium
1718 2231 1729 2250 ‚

353 2278 568 2330 quantum
596 2285 672 2314 vos
694 2269 738 2314 in
770 2268 856 2314 hoc
887 2285 1062 2332 quoque
1092 2269 1310 2327 juverim,
1343 2268 1445 2330 quia
1477 2265 1592 2319 dixi,
1629 2263 1734 2309 Aliis

352 2338 544 2400 peccatis
568 2337 650 2382 alia
670 2349 849 2401 peccata
874 2339 1125 2384 vincuntur.
1150 2359 1171 2380 ›>
1193 2337 1413 2382 Continuo
1439 2335 1606 2398 quippe
1624 2333 1735 2379 sub-

356 2407 457 2453 ditis
483 2418 608 2471 atque
629 2408 890 2454 concluditis
914 2409 1104 2455 dicentes
1126 2426 1136 2452 ε
1162 2406 1410 2453 «Perfacile
1433 2406 1567 2466 igitur
1591 2403 1735 2450 studio

355 2479 593 2524 sanctitatis
607 2515 618 2535 ‚
639 2479 756 2542 quod
780 2481 892 2524 Deus
920 2478 1125 2538 adjuvat,
1150 2488 1290 2542 potest
1308 2477 1442 2523 homo
1468 2493 1610 2523 carere
1631 2491 1736 2539 pec-

399 2563 409 2583 ¹
429 2565 523 2595 Rom.
544 2573 612 2601 Χιν,
629 2565 683 2596 23.
703 2560 777 2586 ——2
794 2562 860 2594 Lib.
881 2573 908 2596 1.
932 2562 970 2594 de
984 2565 1085 2605 Nupt.
1102 2567 1134 2594 et
1151 2564 1293 2604 Concnp.
1312 2571 1383 2604 cap.
1403 2562 1433 2592 3.
