1843 3190
1788 0 1793 49 l

369 232 457 287 154
778 250 813 279 s.
856 248 1101 280 AUGuanI
1137 249 1336 280 Er1scoi>1
1790 213 1795 357 ἱ

364 312 532 371 cogitur
552 313 678 371 ferre,
698 313 769 360 cui
789 314 971 359 modum
995 315 1168 360 castitas
1191 314 1446 377 nuptiarum
1469 315 1740 363 laboratim-

365 399 542 444 ponere,
568 385 644 431 ubi
685 385 1043 447 concupiscentia
1068 385 1208 430 carnis
1227 421 1238 433 .
1268 385 1554 449 voluptasque
1573 424 1584 442 ‚
1609 405 1742 451 quam

363 452 531 508 laudas,
557 465 710 500 contra
738 455 1008 517 propositum
1028 455 1264 500 voluntatis
1298 456 1383 514 agit
1421 473 1518 501 suos
1534 457 1739 519 impetus,

367 539 469 567 cum
490 524 719 576 excitatur,
743 524 910 569 etiamsi
931 535 1051 569 actus
1073 541 1159 569 non
1183 526 1366 587 peragit,
1393 542 1493 571 cum
1518 526 1741 571 frenatur:

369 593 540 638 attende
557 611 656 654 ergo
680 593 919 657 paulisper,
942 594 1162 656 quomodo
1187 612 1234 639 ex
1256 595 1341 640 hac
1359 594 1449 655 lege
1465 596 1635 658 peccati
1656 613 1745 640 om-

366 679 463 707 nem
484 664 679 722 generari
698 664 940 719 hominem,
967 675 1008 708 et
1027 664 1124 709 ideo
1154 665 1323 709 trahere
1353 665 1559 724 originale
1585 682 1745 727 pecca-

368 741 460 776 tum
479 769 489 785 ,
528 744 702 778 sanctus
739 733 968 795 eloquatur
994 734 1251 779 Ambrosius
1272 735 1317 778 in
1350 751 1397 779 eo
1420 735 1514 797 ipso
1534 734 1587 779 de
1610 751 1747 779 sacra·
1794 711 1800 1047 ῃ

368 812 513 847 mento
550 803 892 862 regenerationis
926 803 1013 848 sive
1045 803 1098 848 de
1123 803 1408 867 philosophia
1449 805 1564 849 libro
1597 821 1674 849 suo
1708 804 1741 851 4.

368 891 389 911 «
415 872 508 926 Est,
528 873 689 934 inquit,
719 873 880 917 domus
903 889 1035 934 quam
1075 873 1282 937 sapientia
1305 873 1512 929 aedificat‚
1539 883 1582 918 et
1605 890 1750 919 mensa

374 940 624 987 coelestibus
651 940 805 987 referta
835 942 1119 989 sacramentis
1137 979 1148 998 ‚
1175 942 1221 989 in
1245 959 1330 1005 qua
1350 947 1494 1003 justus
1511 944 1661 989 cibum
1679 943 1752 989 di-

371 1011 485 1056 vinae
508 1012 726 1075 voluptati
744 1011 963 1075 epulatur,
986 1029 1160 1058 suavem
1176 1013 1324 1073 gratiae
1340 1024 1495 1075 potum
1516 1013 1690 1063 bibens,
1717 1014 1751 1058 si
1798 1055 1799 1074 ζ
1840 1054 1843 1066 ,,

373 1092 686 1143 perpetuorum
709 1082 963 1128 meritorum
999 1082 1123 1128 uberi
1155 1082 1408 1145 posteritate
1434 1083 1618 1129 laetetur.
1662 1083 1752 1127 Hos
1798 1078 1800 1088 ’

374 1149 486 1198 filios
509 1168 712 1210 generans
734 1151 875 1196 David
899 1162 1052 1214 partus
1071 1151 1165 1196 illos
1192 1168 1413 1214 corporeae
1435 1151 1754 1197 commixtionis
1830 1153 1835 1162 ’

373 1218 600 1274 horrebat,
620 1232 659 1265 et
677 1221 772 1266 ideo
788 1221 990 1270 mundari
1004 1223 1113 1268 sacri
1126 1220 1258 1270 sontis
1276 1222 1438 1280 irriguo
1459 1221 1750 1276 desiderabat,

378 1299 424 1333 ut
447 1290 662 1335 carnalem
681 1308 730 1335 ac
755 1302 965 1337 terrenam
986 1292 1126 1338 labem
1149 1292 1286 1350 gratia
1311 1291 1512 1353 spiritalis
1534 1291 1745 1335 ablueret.

376 1378 397 1399 «
418 1360 545 1415 Ecce,
572 1360 734 1423 inquit,
758 1361 802 1405 in
828 1361 1132 1424 iniquitatibus
1153 1371 1390 1422 conceptus
1410 1377 1522 1415 sum,
1551 1361 1652 1406 etin
1675 1359 1754 1405 de-

373 1448 396 1469 »
418 1427 530 1473 lictis
549 1430 718 1492 peperit
739 1447 805 1479 me
835 1441 970 1477 mater
990 1447 1083 1475 mea
1097 1432 1129 1476 2.
1144 1452 1162 1470 »
1194 1430 1305 1475 Male
1324 1431 1414 1475 Eva
1429 1429 1679 1491 parturivit,
1706 1440 1755 1474 ut

375 1508 526 1558 partus
543 1498 807 1562 relinqueret
827 1500 1082 1549 mulieribus
1114 1500 1416 1545 haereditatem
1437 1536 1447 1551 ‚
1475 1511 1604 1563 atque
1626 1516 1759 1547 unus·
1806 1503 1807 1506 ’
1835 1506 1837 1517 ¹

377 1566 558 1631 quisque
590 1568 955 1632 concupiscentiae
978 1569 1202 1634 voluptate
1223 1580 1468 1625 concretus,
1495 1580 1537 1615 et
1559 1569 1759 1629 genitali·
1806 1597 1807 1603 =

377 1635 460 1680 bus
499 1638 736 1683 visceribus
775 1638 958 1693 infusus,
997 1650 1039 1683 et
1071 1639 1322 1698 coagulatus
1362 1639 1407 1684 in
1441 1640 1647 1699 sanguine
1669 1675 1678 1693 ‚
1713 1638 1758 1684 in
1806 1642 1807 1673 ἱ

377 1707 534 1766 pannis
557 1707 801 1763 involutus,
844 1709 965 1770 prius
1002 1708 1167 1754 subiret
1199 1708 1457 1755 delictorum
1489 1709 1756 1768 contagium.

380 1791 511 1836 quam
532 1777 673 1822 vitalis
693 1778 869 1840 spiritus
888 1795 1047 1824 munus
1068 1778 1275 1828 hauriret.
1297 1800 1317 1819 »
1343 1778 1388 1823 Si
1407 1789 1448 1835 te
1465 1796 1551 1824 non
1570 1778 1760 1823 deseruit

377 1844 712 1924 qualiscumque
753 1847 903 1893 saltem
943 1864 1086 1893 sensus
1115 1848 1355 1903 humanus,
1400 1847 1520 1894 vides
1562 1847 1669 1909 quid
1707 1846 1761 1892 de

380 1916 746 1979 concupiscentiae
779 1918 1021 1996 voluptate,
1063 1918 1151 1964 hac
1192 1919 1284 1981 ipsa
1309 1918 1378 1963 cui
1403 1918 1575 1981 praebes
1610 1918 1761 1979 impu·
1808 1926 1809 1934 ¹
1838 1969 1839 1972 Ἴ

382 1984 680 2032 (lentissimum
700 1989 1014 2051 patrocinium,
1029 1989 1378 2051 pronuntiaverit
1383 1989 1492 2044 ‚tui
1507 1987 1627 2051 quod
1645 2004 1760 2050 saepe
1808 1984 1839 2027 1ἶ

383 2054 616 2102 dicendum
635 2068 725 2114 est,
762 2058 951 2106 doctoris
991 2060 1236 2104 testimonio
1257 2026 1538 2121 praedicatus,
1559 2068 1646 2103 tam
1668 2075 1761 2103 me-
1808 2055 1837 2079 ³⁷

382 2126 605 2172 morabilis
637 2127 790 2177 doctor
825 2129 1112 2181 Ambrosius:
1139 2128 1258 2191 quod
1285 2146 1332 2174 ea
1357 2129 1540 2192 quisque
1575 2144 1759 2174 concre—

382 2205 466 2250 tus,
495 2214 542 2241 ea
566 2198 826 2257 genitalibus
860 2200 1097 2248 visceribus
1132 2200 1319 2254 infusus,
1361 2216 1409 2245 ea
1437 2197 1691 2258 coagulatus
1713 2197 1759 2247 in
1829 2248 1831 2254 ,

379 2259 611 2325 sanguine3
637 2278 678 2312 et
702 2268 745 2313 in
770 2271 951 2331 pannis,
974 2287 1061 2315 non
1088 2270 1240 2332 utique
1263 2269 1397 2315 laneis
1424 2279 1498 2314 aut
1511 2268 1634 2316 lineis
1653 2303 1664 2322 ‚
1687 2276 1762 2320 aut
1803 2260 1806 2301 l
1834 2272 1839 2285 ”“

379 2333 683 2393 hujuscemodi
706 2338 886 2388 talibus,
906 2339 1110 2401 qualibus
1131 2343 1222 2398 jam
1248 2339 1337 2383 nati
1364 2337 1664 2383 obvolvuntur
1681 2336 1754 2387 in-
1825 2334 1836 2407 ς’

382 2404 534 2461 fantes,
561 2406 634 2450 sed
666 2408 822 2469 pannis
845 2409 1009 2463 vitiatae
1036 2409 1210 2473 originis
1234 2419 1442 2471 tanquam
1466 2406 1753 2453 haereditariis
1804 2446 1806 2450 .
1828 2406 1841 2435 ,›·

385 2473 622 2531 involutuS‚
654 2477 775 2540 prius
815 2478 969 2527 subeat
1006 2478 1256 2542 contagium
1293 2477 1555 2529 delictorum
1571 2513 1582 2532 ‚
1629 2492 1762 2540 quam
1803 2454 1808 2566 l
1827 2472 1843 2541 Γ)

430 2555 441 2576 ¹
459 2554 646 2587 Ambrosius
659 2556 711 2589 lib.
729 2556 768 2589 de
781 2559 995 2592 Sacramento.
1016 2576 1060 2582 —
1074 2557 1089 2580 ²
1106 2558 1186 2594 Psal.
1205 2569 1236 2596 1.‚
1256 2570 1286 2597 7.
