1843 3190
321 209 411 254 268
727 222 761 254 s.
805 218 1050 253 Aneusnm
1085 218 1288 252 Emscom

320 289 437 334 bona
457 298 531 334 est.
557 285 665 333 Haec
688 287 802 333 enim
826 287 906 332 Dei
920 295 1019 331 sunt
1040 303 1170 349 opera
1187 322 1198 341 ,
1218 285 1296 348 qui
1318 295 1574 331 naturarum
1590 300 1700 330 con-

325 359 441 405 ditor
458 369 519 405 est
541 359 772 404 bonarum.
813 358 875 402 Ac
905 374 983 420 per
1014 357 1101 402 hoc
1130 356 1251 402 nulla
1284 357 1364 402 erit
1399 356 1528 401 arbor
1556 354 1698 409 mala,

325 430 378 476 de
398 447 483 492 qua
503 429 669 474 dictum
695 439 773 484 est,
793 427 911 491 quod
930 444 1015 472 non
1032 427 1166 490 possit
1187 426 1328 471 facere
1350 425 1518 471 fructus
1542 425 1694 470 bonos.

327 498 633 555 Quisinfidelis
650 498 708 543 ita
734 497 965 543 infideliter
988 497 1153 560 sapiat?
1185 498 1283 541 Non
1310 496 1455 559 itaque
1478 496 1523 540 in
1555 511 1704 557 quan-

329 580 425 615 tum
440 569 574 615 homo
595 579 672 624 est,
688 568 807 631 quod
827 578 888 613 est
910 584 1019 631 opus
1044 567 1146 620 Dei3
1172 566 1245 611 sed
1271 566 1316 611 in
1340 576 1552 629 quantum
1580 562 1706 609 malae

328 638 563 684 voluntatis
593 649 679 693 est,
711 638 892 701 quisque
919 639 1047 682 arbor
1072 635 1183 681 mala
1202 646 1264 681 est
1280 673 1290 691 ,
1316 646 1357 681 et
1379 636 1519 681 bonos
1538 634 1704 679 fructus

326 709 466 754 facere
491 725 577 753 non
598 719 753 770 potest.
788 707 901 753 vide
924 707 1067 770 itaque
1089 717 1238 751 utrum
1259 705 1476 752 infidelem
1499 705 1704 751 volunta-

325 790 409 824 tem
439 777 594 822 audeas
618 778 781 822 bonam
804 777 947 822 dicere
965 776 1250 822 voluntatem.

391 848 554 893 XXXI.
599 847 684 892 Sed
722 846 833 892 forte
869 846 1066 892 dicturus
1102 863 1143 891 es
1174 863 1184 890 :
1229 845 1472 891 Misericors
1505 844 1708 891 voluntas

327 918 444 963 bona
476 927 552 963 est.
597 917 732 962 Recte
754 916 870 962 istud
891 916 1127 968 diceretur,
1152 915 1185 961 si
1205 914 1575 979 quemadmodum
1607 913 1713 959 fides

332 988 523 1044 Christi,
554 987 600 1034 id
623 999 712 1044 est,
751 988 857 1034 fides
893 1004 993 1051 quae
1025 1005 1103 1050 per
1140 987 1418 1033 dilectionem
1445 983 1705 1050 operatur1‚

340 1059 594 1122 sempersest
616 1058 732 1104 bona
747 1096 758 1115 ,
786 1060 845 1104 ita
869 1057 1166 1104 misericordia
1188 1074 1356 1121 semper
1381 1068 1485 1103 esset
1505 1057 1632 1102 bona.
1669 1050 1716 1100 Si

333 1141 473 1175 autem
488 1129 703 1191 reperitur
718 1139 760 1174 et
772 1128 1066 1174 misericordia
1081 1128 1213 1185 mala,
1238 1145 1325 1191 qua
1342 1144 1526 1191 persona
1546 1141 1711 1190 paupe-

332 1202 389 1245 ris
408 1199 623 1262 accipitur
645 1200 690 1245 in
708 1199 877 1260 judicio
892 1200 927 1254 ⁶2,
946 1210 1126 1262 propter
1143 1216 1273 1261 quam
1294 1209 1510 1262 postremo
1523 1214 1594 1243 rex
1608 1195 1712 1241 Saul

331 1269 488 1314 meruit
508 1287 530 1314 a
552 1270 740 1314 Domino
756 1306 767 1324 ,
799 1280 840 1315 et
860 1269 1012 1332 utique
1032 1268 1309 1314 misericorde
1324 1305 1334 1324 ,
1358 1267 1558 1313 damnari
1575 1304 1585 1323 ,
1614 1265 1719 1329 quia

339 1349 489 1384 contra
503 1342 538 1398 ej
547 1355 592 1384 us
606 1349 881 1403 praeceptum
898 1339 1074 1402 captivo
1088 1339 1176 1398 regi
1188 1356 1266 1402 per
1277 1338 1294 1366 3
1308 1339 1549 1384 humanum
1564 1352 1720 1400 peper-

339 1409 399 1454 cit
417 1410 618 1454 affectum
647 1427 657 1454 :
677 1409 882 1455 attentius
899 1409 1060 1468 cogita,
1082 1426 1135 1454 ne
1158 1408 1269 1454 forte
1286 1407 1582 1454 misericordia
1601 1407 1719 1452 bona

339 1497 428 1525 non
443 1479 514 1535 sit,
532 1479 728 1543 nisiquae
751 1480 885 1540 hujus
910 1480 1042 1525 bonae
1064 1479 1167 1525 fidei
1193 1478 1337 1525 fuerit.
1366 1479 1460 1524 Imo
1486 1475 1717 1541 responde,

341 1560 389 1596 ut
417 1549 505 1595 hoc
522 1550 610 1595 sine
629 1551 905 1596 dubitatione
923 1550 1337 1614 perspicias,utrum
1354 1549 1517 1594 bonam
1552 1546 1722 1593 miseri-

337 1620 534 1666 cordiam
547 1620 756 1666 existimes
772 1620 1006 1667 infidelem.
1035 1622 1172 1666 Porro
1191 1620 1226 1665 si
1248 1619 1405 1665 vitium
1430 1629 1492 1664 est
1511 1617 1621 1663 male
1644 1615 1724 1661 mi-

341 1693 483 1746 sereri,
509 1692 664 1755 procul
685 1692 822 1738 dubio
841 1692 997 1738 vitium
1016 1702 1078 1738 est
1096 1691 1328 1737 infideliter
1356 1690 1561 1736 misereri.
1591 1686 1723 1743 Quod

339 1762 373 1807 si
396 1773 437 1807 et
460 1762 552 1825 ipsa
578 1779 657 1825 per
673 1762 867 1825 seipsam
889 1761 1388 1824 naturalicompassione
1417 1753 1531 1823 opus*
1559 1767 1621 1804 est
1638 1757 1726 1802 bo-

341 1849 447 1877 num
469 1852 479 1885 ;
508 1832 638 1877 etiam
656 1833 737 1878 isto
763 1833 880 1878 bono
910 1832 1020 1878 male
1050 1833 1187 1878 utitur
1216 1831 1293 1894 qui
1314 1830 1548 1876 infideliter
1571 1829 1724 1883 utitur,

341 1913 383 1946 et
408 1902 496 1948 hoc
520 1902 688 1948 bonum
708 1903 817 1948 male
835 1903 964 1958 facit,
990 1903 1068 1965 qui
1088 1901 1322 1948 infideliter
1334 1901 1438 1947 facit
1457 1920 1468 1954 ;
1489 1901 1567 1964 qui
1583 1909 1727 1945 autem

337 1972 449 2018 male
471 1973 575 2018 facit
596 1973 762 2037 aliquid
780 2011 790 2028 ,
819 1973 1016 2037 profecto
1041 1985 1208 2036 peccat.

406 2044 596 2089 XXXII.
638 2045 699 2089 Ex
743 2061 832 2107 quo
872 2044 1115 2104 colligitur,
1159 2043 1292 2089 etiam
1326 2043 1421 2106 ipsa
1446 2041 1565 2087 bona
1599 2056 1732 2104 opera

342 2129 443 2176 quae
470 2112 640 2159 faciunt
675 2113 870 2160 infideles
893 2152 904 2170 ,
938 2132 1024 2160 non
1057 2115 1253 2177 ipsorum
1283 2130 1370 2159 esse
1389 2149 1400 2169 ,
1426 2111 1499 2158 sed
1518 2110 1632 2156 illius
1655 2109 1732 2173 qui

344 2184 455 2229 bene
476 2183 615 2228 utitur
635 2183 774 2230 malis.
815 2186 1016 2248 Ipsorum
1043 2195 1185 2230 autem
1213 2200 1299 2229 esse
1330 2192 1510 2246 peccata
1528 2217 1539 2228 .
1567 2179 1731 2243 quibus

343 2263 385 2299 et
418 2253 535 2297 bona
568 2253 679 2298 male
713 2253 910 2309 faciunt3
938 2256 1040 2318 quia
1074 2272 1121 2300 ea
1144 2271 1234 2299 non
1257 2252 1399 2309 fideli,
1433 2251 1507 2297 sed
1532 2248 1725 2303 infideli,

342 2322 430 2368 hoc
454 2333 515 2367 est
534 2359 545 2373 ,
576 2323 706 2368 stulta
724 2334 765 2368 et
788 2325 912 2370 noxia
932 2325 1100 2370 faciunt
1123 2323 1344 2370 voluntate
1364 2340 1374 2366 :
1398 2320 1539 2385 qualis
1566 2318 1724 2365 volun·
1800 2342 1803 2359 ι

348 2403 432 2448 tas,
462 2391 583 2437 nullo
611 2393 861 2440 Christiano
893 2395 1148 2450 dubitante,
1195 2394 1325 2439 arbor
1355 2403 1418 2438 est
1450 2391 1561 2437 mala
1581 2427 1592 2446 ,
1631 2405 1734 2454 quae

349 2464 490 2509 facere
513 2481 602 2509 non
618 2475 758 2528 potest
776 2466 858 2511 nisi
882 2466 1052 2512 fructus
1072 2465 1225 2522 malos,
1249 2465 1294 2510 id
1317 2475 1395 2521 est,
1423 2463 1511 2509 sola
1528 2471 1725 2526 peccata.

344 2535 487 2581 Omne
495 2534 607 2580 enim
617 2571 628 2592 ,
641 2534 752 2581 ‘velis
760 2535 885 2593 nolis,
896 2536 1014 2601 quod
1029 2553 1119 2582 non
1129 2547 1191 2582 est
1210 2552 1256 2582 ex
1270 2535 1373 2593 fide,
1393 2543 1622 2599 peccatum
1630 2529 1728 2604 θεῖά·

382 2634 391 2657 ¹
412 2635 556 2675 Gslata',
575 2637 654 2667 6.—
668 2634 682 2658 ²
701 2637 916 2684 Exodnxxur,
931 2640 1013 2672 3.-
1031 2635 1045 2661 3
1065 2649 1076 2669 1
1096 2640 1174 2681 Reg.
1187 2647 1241 2681 ιν,
1255 2639 1297 2669 23
1313 2642 1384 2678 et9.
1399 2653 1441 2662 -
1455 2633 1576 2667 4Ἐὶοῑῐι-
1593 2627 1734 2674 X¹V2i²3·
