1843 3190
387 275 407 308 1
423 259 478 307 16
807 272 840 304 s,
884 269 1129 302 Arsusrmr
1164 266 1368 300 EP1scoP1

380 336 675 388 testimonium
694 339 880 403 reperire
896 337 1076 402 lnotuisti
1093 373 1105 394 ,
1133 333 1373 382 adverteres
1394 341 1592 379 sanctum
1617 330 1642 377 J
1647 347 1754 377 oan-

379 427 480 457 nem
523 408 1059 472 Constantinopolitanum
1095 406 1196 452 satis
1233 403 1455 450 evidenter
1488 401 1754 466 expressisse,

381 498 528 527 omnes
552 480 750 526 homines
775 479 961 541 exceptis
983 477 1142 523 debitis
1160 475 1354 539 propriis
1366 474 1536 537 paterni
1557 489 1641 518 esse
1656 471 1758 516 chi-

377 548 591 613 rographi
635 549 865 595 debitores.
910 550 965 593 Et
1002 558 1146 592 tamen
1177 555 1460 608 posteaquam
1497 543 1628 589 verba
1669 545 1759 601 ejus

377 619 694 682 interposuisti,
720 619 881 682 quibus
921 617 1208 663 intentionem
1252 626 1370 659 tuam
1406 613 1570 676 putasti
1595 609 1760 675 aliquid

379 688 597 749 adjuvari,
624 689 811 752 sequeris
828 698 870 733 et
903 687 1011 733 dicis
1033 705 1043 731 :
1072 708 1092 728 «
1117 689 1228 731 Cum
1256 685 1388 744 igitur
1410 682 1579 746 liquido
1603 681 1761 727 clareat

376 758 497 804 hanc
515 776 663 804 sanam
686 769 727 804 et
753 775 899 804 veram
921 774 1005 802 esse
1029 755 1302 810 sententiam,
1330 771 1462 816 quam
1486 753 1630 816 primo
1662 751 1759 796 loco
1818 774 1822 788 ·

375 828 488 872 ratio
503 864 514 883 ,
538 827 694 873 deinde
719 827 1051 889 Scripturarum
1070 825 1258 870 munivit
1281 824 1533 878 auctoritas,
1561 833 1603 867 et
1626 837 1761 886 quam

374 907 633 942 sanctorum
647 897 842 941 virorum
864 913 1032 958 semper
1052 892 1504 950 celebraviteruditio,
1525 892 1600 956 qui
1619 903 1762 938 tamen
1818 914 1823 926 τ

375 965 548 1011 veritati
572 966 875 1011 auctoritatem
900 982 988 1010 non
1008 981 1084 1010 suo
1113 964 1304 1008 tribuere
1327 979 1559 1020 consensu,
1581 963 1654 1009 sed
1676 973 1763 1008 tes-

375 1033 611 1079 timonium
635 1045 677 1079 et
696 1034 877 1094 gloriam
897 1033 950 1079 de
968 1038 1002 1093 ej
1011 1051 1058 1079 us
1074 1049 1298 1095 suscepere
1329 1033 1563 1088 consortio,
1591 1032 1763 1078 nullum

374 1103 647 1166 prudentum
697 1105 931 1150 conturbet
973 1103 1236 1166 conspiratio
1282 1102 1570 1165 perditorum.
1597 1125 1618 1144 ›>
1654 1103 1762 1149 Haec

374 1174 510 1222 Verba
532 1185 607 1220 tua
623 1192 711 1238 quo
733 1175 991 1238 proficiunt,
1019 1175 1101 1219 nisi
1122 1185 1170 1219 ut
1193 1184 1419 1236 appareat,
1443 1174 1511 1220 vel
1537 1174 1761 1237 quomodo
1820 1206 1821 1210 =

376 1242 430 1289 de
463 1244 549 1289 hac
575 1260 705 1290 causa
743 1246 850 1290 scire
898 1244 1130 1304 neglexeris
1170 1243 1491 1290 catholicorum
1534 1245 1762 1291 sententias

376 1330 678 1378 sermonesque
723 1315 955 1362 doctorum
975 1336 987 1369 3
1023 1315 1091 1361 vel
1131 1314 1165 1359 si
1197 1331 1267 1360 eos
1305 1332 1427 1361 nosse
1466 1315 1651 1370 curasti,
1678 1333 1764 1379 qua
1822 1328 1825 1329 ’

374 1383 528 1430 fraude
549 1385 715 1431 coneris
736 1386 1053 1432 circumvenire
1077 1384 1344 1431 nescientes?
1383 1386 1493 1430 Nam
1521 1385 1574 1431 de
1597 1386 1763 1432 ratione
1816 1407 1818 1410 ·
1842 1382 1843 1385 ¹

376 1464 420 1499 et
436 1454 490 1499 de
516 1466 765 1501 sanctarum
795 1457 1123 1520 Scripturarum
1151 1456 1406 1501 auctoritate
1432 1467 1479 1501 ut
1505 1473 1622 1501 nunc
1646 1457 1763 1502 inte-

376 1523 461 1569 rim
494 1535 662 1570 taceam
692 1543 703 1570 ε
729 1526 948 1573 hanccine
971 1526 1249 1582 sententiam,
1285 1543 1371 1588 qua
1397 1526 1562 1585 negatis
1584 1537 1762 1589 peccato

376 1594 511 1656 primi
537 1594 729 1641 hominis
749 1597 958 1642 obnoxios
981 1595 1189 1660 parvulos
1210 1596 1346 1651 nasci,
1372 1606 1623 1641 sanctorum
1642 1597 1763 1643 viro-

377 1679 479 1708 rum
503 1681 670 1727 semper
689 1666 927 1713 celebravit
945 1666 1133 1713 eruditio
1154 1687 1165 1721 ;
1190 1666 1289 1710 Non
1311 1665 1503 1710 hocistis
1528 1677 1592 1712 tot
1618 1677 1763 1712 tanto-

377 1749 564 1797 rumque
601 1746 850 1781 sanctorum
890 1748 931 1782 et
966 1737 1260 1792 eruditorum,
1284 1753 1384 1799 quae
1407 1737 1760 1794 commemoravi,

377 1804 632 1850 testimoniis
666 1805 889 1852 indicatur
916 1825 926 1852 ι
953 1807 1042 1853 imo
1061 1824 1082 1852 e
1122 1807 1340 1852 contrario
1369 1816 1498 1869 puto,
1532 1806 1651 1869 quod
1671 1810 1763 1866 jam
1810 1834 1812 1838 ·

377 1873 550 1930 videas,
580 1886 795 1937 quantum
831 1887 868 1922 te
903 1877 1052 1940 opinio
1083 1877 1161 1922 ista
1187 1876 1413 1930 fefellerim
1444 1877 1477 1921 si
1501 1887 1646 1922 tamen
1676 1894 1769 1922 non*
1840 1929 1841 1938 ἵ

380 1942 481 1989 dolo
507 1945 618 2004 agiS,
651 1956 778 2009 atque
803 1946 848 1991 id
874 1958 972 1992 ante
995 1952 1083 2006 jam
1102 1963 1295 2005 noxjeraS.
1342 1945 1428 1991 Sed
1455 1957 1503 1991 ut
1538 1946 1689 1992 melius
1711 1946 1764 1991 de
1810 1968 1816 1985 .-
1838 1941 1843 1993 J

378 2024 421 2058 te
441 2014 642 2067 credam3
666 2016 698 2060 si
718 2033 836 2061 nunc
854 2017 1050 2080 primum
1072 2018 1151 2062 ista
1177 2017 1419 2075 cogn-oscis,
1448 2017 1480 2061 si
1511 2016 1563 2061 de
1585 2027 1764 2079 peccato
1839 2007 1843 2015 ι

379 2084 512 2146 primi
528 2084 736 2141 hominis,
762 2087 883 2149 quod
901 2105 950 2132 eo
966 2088 1050 2132 sint
1075 2087 1272 2145 obiigati,
1293 2087 1368 2148 qui
1390 2086 1620 2131 carnaliter
1643 2103 1765 2146 gene·
1809 2122 1814 2145 ι

379 2165 533 2199 rantur
552 2154 752 2211 infantes,
772 2174 849 2202 nec
864 2175 913 2202 eo
937 2158 1017 2202 nisi
1041 2157 1225 2219 spiritaii
1247 2157 1569 2214 regeneratione
1590 2157 1762 2203 solvun-
1809 2192 1814 2199 .

379 2234 467 2279 tur,
490 2241 610 2269 nunc
630 2226 824 2287 primum
850 2227 1061 2290 perspicis
1084 2226 1171 2271 hoc
1189 2225 1389 2271 didicisse
1405 2237 1445 2271 et
1480 2226 1674 2271 docuisse
1698 2236 1762 2272 tot
1810 2265 1812 2290 ;

380 2305 569 2349 sanctos,
591 2295 709 2355 quod
732 2306 773 2340 et
807 2315 884 2342 nos
905 2296 1147 2342 dedicimus
1181 2306 1221 2340 et
1249 2295 1453 2341 docemus
1481 2313 1491 2340 ε
1533 2306 1655 2341 muta
1673 2300 1765 2356 jam

379 2364 504 2408 istam
525 2375 729 2420 mentem,
752 2366 1007 2413 obliviscere
1023 2367 1155 2424 hujus
1170 2361 1351 2420 ‘err-oris,
1378 2377 1419 2411 et
1435 2366 1763 2429 propemodum
1808 2412 1814 2426 ⁹
1837 2361 1843 2386 ³

376 2431 538 2478 furoris
567 2468 578 2488 ,
595 2434 746 2495 quoin
771 2446 835 2480 tot
859 2454 907 2482 ac
933 2436 1035 2481 tales
1057 2444 1202 2497 patres
1229 2435 1529 2482 Manichaeum
1554 2436 1762 2495 jacularis
1809 2459 1812 2466 ¹
1837 2426 1843 2440 ³

383 2501 692 2567 opprobritim.
731 2503 777 2550 Si
819 2506 1011 2553 nesciens
1037 2503 1124 2551 hoc
1157 2503 1312 2563 fecisti,
1352 2522 1430 2553 cur
1456 2522 1544 2553 non
1565 2506 1761 2555 miseram
