1843 3190
287 270 460 302 CONTRA
494 271 724 305 summan
757 272 1064 316 PELAGIANUM,
1105 276 1190 309 Lm.
1234 278 1284 310 11.
1379 264 1466 311 135

101 431 766 450 qsswmxxmwnmmwmff**ffl=‡!
774 435 1469 455 wummwzm.=zmzn=xzzuxqflffl

657 560 838 607 LIBER
874 561 934 608 ΙΙ.

91 700 436 759 Pelagianorum
485 714 638 745 contra
680 705 900 761 originale
939 717 1166 762 peceatum
1204 721 1468 766 argumenta

148 772 340 826 quinque
373 773 577 813 convellit
608 774 866 813 auctoritate
892 789 943 813 ae
971 775 1196 815 sentenciis
1230 777 1467 819 catholico-

148 851 249 876 rum
272 837 496 878 (loe-lorum
515 839 590 892 qul
614 848 717 879 ante
739 839 786 877 in
813 838 1009 879 Ecclesia
1032 840 1322 888 claruerunt,
1359 844 1466 899 epis-

147 919 355 957 coporum
375 905 539 945 seilicet
563 906 806 946 illustrium
824 906 994 951 decem,
1017 905 1197 954 Ireucei,
1225 907 1465 965 Cypriani,

142 971 315 1015 Ii’ctae'ct'i,
345 973 560 1028 Olympii,
589 972 778 1018 Hilarii}
805 972 1014 1028 Gregorii
1035 972 1333 1021 Nazianzem‘,
1353 978 1468 1018 Am-

146 1036 277 1078 brosii
298 1069 306 1083 ‚
332 1038 507 1087 Basilii,
529 1040 721 1080 ‘loannis
754 1039 1262 1095 Constante'nopolilani‚
1280 1052 1317 1082 et
1336 1043 1469 1084 Inno-

145 1105 276 1144 cencii
295 1136 304 1154 ,
324 1121 494 1146 necnon
530 1106 772 1163 presbyteri
798 1105 1089 1162 Hieronymi,
1123 1107 1216 1147 viri
1245 1109 1389 1149 saneti
1415 1126 1468 1151 ac

101 1163 112 1169 ⁹
143 1172 404 1226 pereruditi.

151 1316 185 1362 I.
215 1315 346 1361 Nunc
360 1318 451 1374 jam
478 1313 591 1360 mihi
607 1312 868 1374 aggrediend
885 1331 963 1360 um
993 1316 1202 1380 est‚quod
1222 1317 1348 1364 tertio
1372 1318 1469 1366 loco

85 1387 211 1450 posui
232 1385 527 1448 dispositionis
562 1402 670 1431 meae
686 1422 697 1441 ‚
721 1395 770 1431 ut
793 1386 1013 1432 sententiis
1031 1388 1338 1452 episcoporum
1360 1428 1371 1446 ‚
1395 1391 1471 1454 qui

88 1458 336 1520 Scripturas
369 1468 539 1503 sanctas
561 1457 724 1516 ingenti
751 1457 884 1516 gloria
922 1469 1246 1516 tractaverunt,
1288 1471 1362 1507 tua
1384 1463 1470 1508 ‹lu-

56 1569 58 1571 .
86 1528 199 1573 liane
218 1565 228 1583 ‚
267 1528 454 1573 Domino
494 1527 727 1586 adjuvante
749 1564 759 1582 ,
802 1527 1155 1574 machinamenta
1197 1530 1461 1578 subvertam.

87 1598 184 1643 Non
209 1608 256 1642 ut
277 1615 347 1643 eos
369 1597 591 1643 ostendam
616 1597 856 1642 secundum
881 1598 1144 1644 catholicam
1162 1599 1294 1645 fidem
1310 1600 1364 1647 de
1385 1602 1469 1647 ori-

86 1668 217 1728 ginali
242 1668 414 1713 sensisse
444 1678 653 1730 peccat03
688 1668 776 1713 hoc
813 1668 925 1712 enim
959 1671 1050 1727 jam
1082 1669 1127 1713 in
1159 1669 1313 1732 primis
1335 1670 1470 1731 hujus

86 1738 229 1801 operis
250 1738 451 1800 partibus
467 1737 565 1791 feci,
589 1748 635 1782 ut
655 1736 757 1782 inde
781 1747 1080 1784 monstrarem.
1104 1749 1214 1801 quot
1231 1750 1273 1785 et
1296 1741 1470 1803 quantis

86 1807 212 1864 viris,
233 1808 435 1853 Ecclesia}
447 1807 603 1853 sanctis
635 1807 848 1871 clarisque
872 1807 1152 1862 doctoribus,
1185 1810 1463 1856 Manichaeo-

87 1895 184 1923 rum
205 1879 370 1923 crimen
393 1878 635 1940 impingas;
663 1887 704 1923 et
726 1895 826 1923 cum
856 1895 924 1923 me
955 1878 1080 1940 cupis
1103 1878 1221 1942 apud
1245 1879 1469 1943 imperito-

87 1966 182 1994 rum
211 1948 460 1994 decolorare
479 1947 668 2007 judicia,
696 1965 766 1993 eos
787 1948 863 2011 qui
886 1948 1148 1993 catholicam
1168 1947 1297 1995 fidem
1319 1962 1470 1996 contra

87 2021 319 2066 haereticos
343 2018 650 2075 defenderunt,
680 2019 854 2065 haeresis
876 2019 1052 2066 nefariae
1076 2021 1251 2066 nomine
1271 2022 1460 2069 accuses,

89 2091 174 2136 Sed
196 2108 313 2137 nunc
340 2100 591 2150 argumenta
615 2091 709 2154 ipsa
732 2101 888 2144 vestra,
911 2090 1074 2154 quibus
1094 2091 1218 2150 agitis
1241 2109 1293 2137 ne
1322 2092 1471 2138 horni-

89 2178 195 2207 num
216 2161 357 2224 prima
380 2160 583 2205 nativitas
603 2160 801 2220 originali
821 2171 1004 2223 peccato
1022 2160 1223 2205 credatur
1234 2161 1465 2219 obstricta,

89 2231 270 2294 eloquiis
306 2241 407 2276 sunt
440 2229 738 2289 redarguenda
771 2241 1034 2276 sanctorum.
1076 2230 1197 2287 Quos
1226 2242 1399 2293 oportet
1423 2243 1472 2278 ut

90 2300 246 2364 populi
262 2299 492 2346 christiani
508 2299 658 2344 vestris
675 2299 869 2363 profanis
884 2300 1155 2347 novitatibus
1182 2311 1470 2364 anteponant,

90 2371 235 2434 eisque
254 2370 400 2433 potius
417 2369 576 2430 eligant
599 2369 822 2415 adhaerere
848 2387 981 2433 quani
1002 2371 1142 2419 vobis.

158 2442 217 2487 lt.
251 2442 359 2486 Haec
384 2451 486 2486 sunt
510 2450 622 2486 certe
645 2440 762 2486 velut
786 2441 932 2506 capita
964 2452 1321 2501 argumentorum
1350 2444 1475 2507 quasi

93 2510 369 2558 formidanda
385 2521 646 2568 vestrorum,
663 2512 826 2577 quibus
842 2512 1007 2579 terretis
1024 2512 1240 2568 infirmos,
1263 2523 1306 2558 et
1324 2514 1468 2559 minus

93 2599 228 2654 quam
250 2592 401 2640 contra
428 2599 504 2629 vos
525 2581 733 2646 expedit,
755 2583 886 2630 sacris
916 2583 1091 2630 Litteris
1113 2580 1318 2630 eruditos·
1343 2580 1471 2631 Dici-
