<?xml version="1.0" encoding="UTF-8"?>
<!DOCTYPE html PUBLIC "-//W3C//DTD XHTML 1.0 Transitional//EN"
    "http://www.w3.org/TR/xhtml1/DTD/xhtml1-transitional.dtd">
<html xmlns="http://www.w3.org/1999/xhtml" xml:lang="en" lang="en">
 <head>
  <title>
</title>
<meta http-equiv="Content-Type" content="text/html;charset=utf-8" />
  <meta name='ocr-system' content='tesseract 3.04.00' />
  <meta name='ocr-capabilities' content='ocr_page ocr_carea ocr_par ocr_line ocrx_word'/>
</head>
<body>
  <div class='ocr_page' id='page_1' title='image "./operaomniaaccura35auguuoft/operaomniaaccura35auguuoft_0172.png"; bbox 0 0 1843 3190; ppageno 0'>
   <div class='ocr_carea' id='block_1_1' title="bbox 380 290 1757 434">
    <p class='ocr_par' dir='ltr' id='par_1_1' title="bbox 380 290 1757 434">
     <span class='ocr_line' id='line_1_1' title="bbox 386 290 1362 352; baseline -0.008 -16"><span class='ocrx_word' id='word_1_1' title='bbox 386 290 472 336; x_wconf 77' lang='lat'>162</span> <span class='ocrx_word' id='word_1_2' title='bbox 801 302 841 330; x_wconf 89' lang='grc'>5.</span> <span class='ocrx_word' id='word_1_3' title='bbox 878 299 1124 331; x_wconf 71' lang='lat' dir='ltr'>Aueus&#39;rim</span> <span class='ocrx_word' id='word_1_4' title='bbox 1154 298 1362 352; x_wconf 73' lang='lat' dir='ltr'>Episcom</span> 
     </span>
     <span class='ocr_line' id='line_1_2' title="bbox 380 350 1757 434; baseline -0.004 -19"><span class='ocrx_word' id='word_1_5' title='bbox 380 386 490 434; x_wconf 85' lang='lat' dir='ltr'>pora</span> <span class='ocrx_word' id='word_1_6' title='bbox 508 367 669 416; x_wconf 85' lang='lat' dir='ltr'>fuerint</span> <span class='ocrx_word' id='word_1_7' title='bbox 685 350 1009 413; x_wconf 82' lang='lat' dir='ltr'>immortalitate</span> <span class='ocrx_word' id='word_1_8' title='bbox 1026 376 1246 412; x_wconf 82' lang='lat' dir='ltr'>renovata.</span> <span class='ocrx_word' id='word_1_9' title='bbox 1274 365 1372 421; x_wconf 89' lang='grc' dir='ltr'>Νο11</span> <span class='ocrx_word' id='word_1_10' title='bbox 1391 363 1440 410; x_wconf 86' lang='grc'>11</span> <span class='ocrx_word' id='word_1_11' title='bbox 1429 379 1536 427; x_wconf 74' lang='lat' dir='ltr'>tque</span> <span class='ocrx_word' id='word_1_12' title='bbox 1552 363 1637 409; x_wconf 80' lang='lat' dir='ltr'>fuit</span> <span class='ocrx_word' id='word_1_13' title='bbox 1657 364 1757 410; x_wconf 89' lang='lat' dir='ltr'>Am-</span> 
     </span>
    </p>
   </div>
   <div class='ocr_carea' id='block_1_2' title="bbox 383 434 1759 501">
    <p class='ocr_par' dir='ltr' id='par_1_2' title="bbox 383 434 1759 501">
     <span class='ocr_line' id='line_1_3' title="bbox 383 434 1759 501; baseline -0.004 -16"><span class='ocrx_word' id='word_1_14' title='bbox 383 439 556 495; x_wconf 84' lang='lat' dir='ltr'>brosio,</span> <span class='ocrx_word' id='word_1_15' title='bbox 581 436 782 501; x_wconf 85' lang='lat' dir='ltr'>quamvis</span> <span class='ocrx_word' id='word_1_16' title='bbox 802 435 1012 481; x_wconf 84' lang='lat' dir='ltr'>fateretur</span> <span class='ocrx_word' id='word_1_17' title='bbox 1035 436 1249 482; x_wconf 81' lang='lat' dir='ltr'>nascentis</span> <span class='ocrx_word' id='word_1_18' title='bbox 1267 434 1442 494; x_wconf 72' lang='lat' dir='ltr'>orioinis</span> <span class='ocrx_word' id='word_1_19' title='bbox 1464 434 1648 489; x_wconf 76' lang='lat' dir='ltr'>vitium,</span> <span class='ocrx_word' id='word_1_20' title='bbox 1671 436 1759 492; x_wconf 88' lang='lat' dir='ltr'>jus-</span> 
     </span>
    </p>
   </div>
   <div class='ocr_carea' id='block_1_3' title="bbox 368 503 1757 1411">
    <p class='ocr_par' dir='ltr' id='par_1_3' title="bbox 368 503 1757 1411">
     <span class='ocr_line' id='line_1_4' title="bbox 384 503 1757 584; baseline -0.004 -30"><span class='ocrx_word' id='word_1_21' title='bbox 384 508 635 554; x_wconf 84' lang='lat' dir='ltr'>tificationis</span> <span class='ocrx_word' id='word_1_22' title='bbox 667 506 891 584; x_wconf 79' lang='lat' dir='ltr'>desperata</span> <span class='ocrx_word' id='word_1_23' title='bbox 916 505 1139 568; x_wconf 79' lang='lat' dir='ltr'>perfectio.</span> <span class='ocrx_word' id='word_1_24' title='bbox 1183 505 1297 561; x_wconf 83' lang='lat' dir='ltr'>Quia</span> <span class='ocrx_word' id='word_1_25' title='bbox 1333 504 1445 549; x_wconf 88' lang='lat' dir='ltr'>sicut</span> <span class='ocrx_word' id='word_1_26' title='bbox 1475 514 1537 549; x_wconf 91' lang='lat' dir='ltr'>est</span> <span class='ocrx_word' id='word_1_27' title='bbox 1562 503 1757 564; x_wconf 84' lang='lat' dir='ltr'>humana</span> 
     </span>
     <span class='ocr_line' id='line_1_5' title="bbox 381 560 1747 647; baseline -0.004 -23"><span class='ocrx_word' id='word_1_28' title='bbox 381 588 536 625; x_wconf 84' lang='lat' dir='ltr'>natura</span> <span class='ocrx_word' id='word_1_29' title='bbox 557 577 737 638; x_wconf 78' lang='lat' dir='ltr'>creatori</span> <span class='ocrx_word' id='word_1_30' title='bbox 764 578 850 621; x_wconf 89' lang='lat' dir='ltr'>Deo</span> <span class='ocrx_word' id='word_1_31' title='bbox 868 576 1140 640; x_wconf 70' lang='lat' dir='ltr'>formabilis,</span> <span class='ocrx_word' id='word_1_32' title='bbox 1164 576 1222 620; x_wconf 86' lang='lat' dir='ltr'>ita</span> <span class='ocrx_word' id='word_1_33' title='bbox 1240 575 1443 620; x_wconf 81' lang='lat' dir='ltr'>sanabilis</span> <span class='ocrx_word' id='word_1_34' title='bbox 1466 560 1747 647; x_wconf 81' lang='lat' dir='ltr'>redemptori.</span> 
     </span>
     <span class='ocr_line' id='line_1_6' title="bbox 388 634 1755 709; baseline -0.004 -15"><span class='ocrx_word' id='word_1_35' title='bbox 388 639 393 644; x_wconf 43' lang='lat'>⁵</span> <span class='ocrx_word' id='word_1_36' title='bbox 443 649 612 696; x_wconf 86' lang='lat' dir='ltr'>XXIII.</span> <span class='ocrx_word' id='word_1_37' title='bbox 644 634 728 692; x_wconf 67' lang='lat' dir='ltr'>Se&#39;d</span> <span class='ocrx_word' id='word_1_38' title='bbox 747 663 822 692; x_wconf 83' lang='lat' dir='ltr'>vos</span> <span class='ocrx_word' id='word_1_39' title='bbox 845 641 1079 694; x_wconf 83' lang='lat' dir='ltr'>festinatis</span> <span class='ocrx_word' id='word_1_40' title='bbox 1103 656 1144 691; x_wconf 86' lang='lat' dir='ltr'>et</span> <span class='ocrx_word' id='word_1_41' title='bbox 1164 645 1552 709; x_wconf 77' lang='lat' dir='ltr'>praesumptionem</span> <span class='ocrx_word' id='word_1_42' title='bbox 1571 654 1755 690; x_wconf 81' lang='lat' dir='ltr'>vestram</span> 
     </span>
     <span class='ocr_line' id='line_1_7' title="bbox 376 710 1751 780; baseline -0.004 -16"><span class='ocrx_word' id='word_1_43' title='bbox 376 710 622 764; x_wconf 83' lang='lat' dir='ltr'>festinando</span> <span class='ocrx_word' id='word_1_44' title='bbox 640 716 1057 780; x_wconf 69' lang='lat' dir='ltr'>plaec¹p1t1t1sHic</span> <span class='ocrx_word' id='word_1_45' title='bbox 1073 716 1186 760; x_wconf 86' lang='lat' dir='ltr'>enim</span> <span class='ocrx_word' id='word_1_46' title='bbox 1198 733 1225 760; x_wconf 79' lang='lat' dir='ltr'>v</span> <span class='ocrx_word' id='word_1_47' title='bbox 1229 715 1329 760; x_wconf 85' lang='lat' dir='ltr'>ultis</span> <span class='ocrx_word' id='word_1_48' title='bbox 1345 714 1566 759; x_wconf 84' lang='lat' dir='ltr'>hominem</span> <span class='ocrx_word' id='word_1_49' title='bbox 1582 710 1751 777; x_wconf 84' lang='lat' dir='ltr'>perfici,</span> 
     </span>
     <span class='ocr_line' id='line_1_8' title="bbox 376 785 1754 853; baseline -0.004 -18.993"><span class='ocrx_word' id='word_1_50' title='bbox 376 800 506 853; x_wconf 85' lang='lat' dir='ltr'>atque</span> <span class='ocrx_word' id='word_1_51' title='bbox 525 789 687 833; x_wconf 80' lang='lat' dir='ltr'>utinam</span> <span class='ocrx_word' id='word_1_52' title='bbox 713 787 794 832; x_wconf 88' lang='lat' dir='ltr'>Dei</span> <span class='ocrx_word' id='word_1_53' title='bbox 821 786 967 841; x_wconf 80' lang='lat' dir='ltr'>dono,</span> <span class='ocrx_word' id='word_1_54' title='bbox 997 797 1037 831; x_wconf 90' lang='lat' dir='ltr'>et</span> <span class='ocrx_word' id='word_1_55' title='bbox 1062 804 1150 832; x_wconf 91' lang='lat' dir='ltr'>non</span> <span class='ocrx_word' id='word_1_56' title='bbox 1173 786 1340 841; x_wconf 79' lang='lat' dir='ltr'>libero,</span> <span class='ocrx_word' id='word_1_57' title='bbox 1373 785 1441 830; x_wconf 84' lang='lat' dir='ltr'>vel</span> <span class='ocrx_word' id='word_1_58' title='bbox 1463 785 1611 849; x_wconf 85' lang='lat' dir='ltr'>potius</span> <span class='ocrx_word' id='word_1_59' title='bbox 1634 801 1754 830; x_wconf 88' lang='lat' dir='ltr'>servo</span> 
     </span>
     <span class='ocr_line' id='line_1_9' title="bbox 374 855 1753 922; baseline -0.004 -18"><span class='ocrx_word' id='word_1_60' title='bbox 374 859 569 922; x_wconf 77' lang='lat' dir='ltr'>prepriae</span> <span class='ocrx_word' id='word_1_61' title='bbox 593 857 828 903; x_wconf 79' lang='lat' dir='ltr'>voluntatis</span> <span class='ocrx_word' id='word_1_62' title='bbox 867 857 1063 902; x_wconf 81' lang='lat' dir='ltr'>arbitrio.</span> <span class='ocrx_word' id='word_1_63' title='bbox 1109 858 1140 901; x_wconf 88' lang='lat' dir='ltr'><strong>A</strong></span> <span class='ocrx_word' id='word_1_64' title='bbox 1173 873 1259 918; x_wconf 82' lang='lat' dir='ltr'>qua</span> <span class='ocrx_word' id='word_1_65' title='bbox 1291 856 1554 918; x_wconf 80' lang='lat' dir='ltr'>perfectione</span> <span class='ocrx_word' id='word_1_66' title='bbox 1576 855 1753 917; x_wconf 86' lang='lat' dir='ltr'>quidem</span> 
     </span>
     <span class='ocr_line' id='line_1_10' title="bbox 373 923 1754 988; baseline -0.003 -14"><span class='ocrx_word' id='word_1_67' title='bbox 373 929 500 988; x_wconf 86' lang='lat' dir='ltr'>longe</span> <span class='ocrx_word' id='word_1_68' title='bbox 525 945 600 974; x_wconf 66' lang='lat' dir='ltr'>vos</span> <span class='ocrx_word' id='word_1_69' title='bbox 623 943 709 972; x_wconf 86' lang='lat' dir='ltr'>esse</span> <span class='ocrx_word' id='word_1_70' title='bbox 733 926 924 971; x_wconf 87' lang='lat' dir='ltr'>sentitis:</span> <span class='ocrx_word' id='word_1_71' title='bbox 963 926 1036 971; x_wconf 90' lang='lat' dir='ltr'>sed</span> <span class='ocrx_word' id='word_1_72' title='bbox 1062 925 1187 971; x_wconf 90' lang='lat' dir='ltr'>dolus</span> <span class='ocrx_word' id='word_1_73' title='bbox 1221 936 1282 971; x_wconf 89' lang='lat' dir='ltr'>est</span> <span class='ocrx_word' id='word_1_74' title='bbox 1306 926 1350 970; x_wconf 88' lang='lat' dir='ltr'>in</span> <span class='ocrx_word' id='word_1_75' title='bbox 1375 942 1446 983; x_wconf 84' lang='lat' dir='ltr'>ore</span> <span class='ocrx_word' id='word_1_76' title='bbox 1473 923 1611 970; x_wconf 83' lang='lat' dir='ltr'>vestro</span> <span class='ocrx_word' id='word_1_77' title='bbox 1629 962 1640 980; x_wconf 83' lang='lat'><strong><em>‚</em></strong></span> <span class='ocrx_word' id='word_1_78' title='bbox 1667 926 1754 970; x_wconf 88' lang='lat' dir='ltr'>sive</span> 
     </span>
     <span class='ocr_line' id='line_1_11' title="bbox 374 994 1752 1061; baseline -0.003 -18"><span class='ocrx_word' id='word_1_79' title='bbox 374 1008 622 1061; x_wconf 80' lang='lat' dir='ltr'>peccatores</span> <span class='ocrx_word' id='word_1_80' title='bbox 647 1012 722 1041; x_wconf 82' lang='lat' dir='ltr'>vos</span> <span class='ocrx_word' id='word_1_81' title='bbox 755 1012 840 1040; x_wconf 88' lang='lat' dir='ltr'>esse</span> <span class='ocrx_word' id='word_1_82' title='bbox 872 994 1043 1057; x_wconf 77' lang='lat' dir='ltr'>dicatis,</span> <span class='ocrx_word' id='word_1_83' title='bbox 1074 1006 1114 1040; x_wconf 86' lang='lat' dir='ltr'>et</span> <span class='ocrx_word' id='word_1_84' title='bbox 1145 998 1284 1054; x_wconf 88' lang='lat' dir='ltr'>justos</span> <span class='ocrx_word' id='word_1_85' title='bbox 1309 995 1428 1051; x_wconf 89' lang='lat' dir='ltr'>credi</span> <span class='ocrx_word' id='word_1_86' title='bbox 1462 994 1628 1048; x_wconf 75' lang='lat' dir='ltr'>velitis3</span> <span class='ocrx_word' id='word_1_87' title='bbox 1667 994 1752 1040; x_wconf 87' lang='lat' dir='ltr'>sive</span> 
     </span>
     <span class='ocr_line' id='line_1_12' title="bbox 371 1064 1749 1130; baseline -0.002 -17"><span class='ocrx_word' id='word_1_88' title='bbox 371 1066 664 1130; x_wconf 80' lang='lat' dir='ltr'>profiteamini</span> <span class='ocrx_word' id='word_1_89' title='bbox 709 1064 1017 1128; x_wconf 85' lang='lat' dir='ltr'>perfectionem</span> <span class='ocrx_word' id='word_1_90' title='bbox 1052 1066 1261 1124; x_wconf 63' lang='lat' dir='ltr'>justitiae,</span> <span class='ocrx_word' id='word_1_91' title='bbox 1299 1082 1432 1128; x_wconf 85' lang='lat' dir='ltr'>quam</span> <span class='ocrx_word' id='word_1_92' title='bbox 1468 1065 1667 1128; x_wconf 86' lang='lat' dir='ltr'>profecto</span> <span class='ocrx_word' id='word_1_93' title='bbox 1704 1065 1749 1109; x_wconf 90' lang='lat' dir='ltr'>in</span> 
     </span>
     <span class='ocr_line' id='line_1_13' title="bbox 372 1134 1751 1198; baseline -0.003 -15"><span class='ocrx_word' id='word_1_94' title='bbox 372 1138 498 1183; x_wconf 81' lang='lat' dir='ltr'>‘vobis</span> <span class='ocrx_word' id='word_1_95' title='bbox 530 1154 619 1182; x_wconf 90' lang='lat' dir='ltr'>non</span> <span class='ocrx_word' id='word_1_96' title='bbox 643 1153 729 1181; x_wconf 87' lang='lat' dir='ltr'>esse</span> <span class='ocrx_word' id='word_1_97' title='bbox 744 1135 996 1181; x_wconf 81' lang='lat' dir='ltr'>sententitis.</span> <span class='ocrx_word' id='word_1_98' title='bbox 1030 1136 1292 1181; x_wconf 73' lang='lat' dir='ltr'>Justificatio</span> <span class='ocrx_word' id='word_1_99' title='bbox 1319 1152 1451 1198; x_wconf 88' lang='lat' dir='ltr'>porro</span> <span class='ocrx_word' id='word_1_100' title='bbox 1477 1136 1522 1180; x_wconf 87' lang='lat' dir='ltr'>in</span> <span class='ocrx_word' id='word_1_101' title='bbox 1546 1135 1632 1180; x_wconf 86' lang='lat' dir='ltr'>hac</span> <span class='ocrx_word' id='word_1_102' title='bbox 1663 1134 1751 1179; x_wconf 83' lang='lat' dir='ltr'>vita</span> 
     </span>
     <span class='ocr_line' id='line_1_14' title="bbox 370 1205 1750 1269; baseline -0.002 -16"><span class='ocrx_word' id='word_1_103' title='bbox 370 1208 499 1253; x_wconf 83' lang='lat' dir='ltr'>nobis</span> <span class='ocrx_word' id='word_1_104' title='bbox 525 1206 762 1253; x_wconf 89' lang='lat' dir='ltr'>secundum</span> <span class='ocrx_word' id='word_1_105' title='bbox 796 1206 873 1250; x_wconf 82' lang='lat' dir='ltr'>tria</span> <span class='ocrx_word' id='word_1_106' title='bbox 900 1206 978 1250; x_wconf 85' lang='lat' dir='ltr'>ista</span> <span class='ocrx_word' id='word_1_107' title='bbox 1001 1205 1256 1252; x_wconf 87' lang='lat' dir='ltr'>confertur:</span> <span class='ocrx_word' id='word_1_108' title='bbox 1280 1207 1402 1269; x_wconf 88' lang='lat' dir='ltr'>prius</span> <span class='ocrx_word' id='word_1_109' title='bbox 1427 1205 1602 1251; x_wconf 82' lang='lat' dir='ltr'>lavacro</span> <span class='ocrx_word' id='word_1_110' title='bbox 1625 1222 1750 1264; x_wconf 88' lang='lat' dir='ltr'>rege-</span> 
     </span>
     <span class='ocr_line' id='line_1_15' title="bbox 368 1276 1751 1341; baseline -0.001 -18"><span class='ocrx_word' id='word_1_111' title='bbox 368 1278 621 1341; x_wconf 79' lang='lat' dir='ltr'>nerationis,</span> <span class='ocrx_word' id='word_1_112' title='bbox 644 1294 731 1339; x_wconf 87' lang='lat' dir='ltr'>quo</span> <span class='ocrx_word' id='word_1_113' title='bbox 757 1278 1036 1322; x_wconf 85' lang='lat' dir='ltr'>remittuntur</span> <span class='ocrx_word' id='word_1_114' title='bbox 1060 1288 1219 1324; x_wconf 83' lang='lat' dir='ltr'>cuncta</span> <span class='ocrx_word' id='word_1_115' title='bbox 1234 1288 1414 1341; x_wconf 81' lang='lat' dir='ltr'>peccata</span> <span class='ocrx_word' id='word_1_116' title='bbox 1434 1294 1444 1322; x_wconf 88' lang='lat'>:</span> <span class='ocrx_word' id='word_1_117' title='bbox 1464 1276 1619 1322; x_wconf 89' lang='lat' dir='ltr'>deinde</span> <span class='ocrx_word' id='word_1_118' title='bbox 1648 1293 1751 1322; x_wconf 91' lang='lat' dir='ltr'>con-</span> 
     </span>
     <span class='ocr_line' id='line_1_16' title="bbox 369 1347 1745 1411; baseline -0.001 -18"><span class='ocrx_word' id='word_1_119' title='bbox 369 1349 580 1407; x_wconf 83' lang='lat' dir='ltr'>gressione</span> <span class='ocrx_word' id='word_1_120' title='bbox 620 1356 720 1393; x_wconf 85' lang='lat' dir='ltr'>cum</span> <span class='ocrx_word' id='word_1_121' title='bbox 745 1348 858 1392; x_wconf 80' lang='lat' dir='ltr'>vitiis</span> <span class='ocrx_word' id='word_1_122' title='bbox 877 1385 887 1401; x_wconf 80' lang='grc'>,</span> <span class='ocrx_word' id='word_1_123' title='bbox 916 1365 939 1392; x_wconf 83' lang='lat' dir='ltr'>a</span> <span class='ocrx_word' id='word_1_124' title='bbox 966 1364 1155 1411; x_wconf 84' lang='lat' dir='ltr'>quorum</span> <span class='ocrx_word' id='word_1_125' title='bbox 1196 1359 1318 1394; x_wconf 84' lang='lat' dir='ltr'>reatu</span> <span class='ocrx_word' id='word_1_126' title='bbox 1354 1347 1543 1394; x_wconf 84' lang='lat' dir='ltr'>absoluti</span> <span class='ocrx_word' id='word_1_127' title='bbox 1567 1364 1745 1393; x_wconf 85' lang='lat' dir='ltr'>sumus:</span> 
     </span>
    </p>
   </div>
   <div class='ocr_carea' id='block_1_4' title="bbox 368 1411 1843 1481">
    <p class='ocr_par' dir='ltr' id='par_1_4' title="bbox 368 1411 1843 1481">
     <span class='ocr_line' id='line_1_17' title="bbox 368 1411 1843 1481; baseline 0 -18"><span class='ocrx_word' id='word_1_128' title='bbox 368 1419 496 1463; x_wconf 88' lang='lat' dir='ltr'>tertio</span> <span class='ocrx_word' id='word_1_129' title='bbox 520 1418 625 1463; x_wconf 90' lang='lat' dir='ltr'>dum</span> <span class='ocrx_word' id='word_1_130' title='bbox 651 1428 795 1463; x_wconf 86' lang='lat' dir='ltr'>nostra</span> <span class='ocrx_word' id='word_1_131' title='bbox 820 1417 1048 1464; x_wconf 79' lang='lat' dir='ltr'>exauditur</span> <span class='ocrx_word' id='word_1_132' title='bbox 1073 1419 1210 1463; x_wconf 86' lang='lat' dir='ltr'>oratio</span> <span class='ocrx_word' id='word_1_133' title='bbox 1226 1455 1236 1474; x_wconf 86' lang='lat'>‚</span> <span class='ocrx_word' id='word_1_134' title='bbox 1263 1435 1350 1481; x_wconf 87' lang='lat' dir='ltr'>qua</span> <span class='ocrx_word' id='word_1_135' title='bbox 1372 1417 1582 1474; x_wconf 80' lang='lat' dir='ltr'>dicimus,</span> <span class='ocrx_word' id='word_1_136' title='bbox 1619 1438 1640 1458; x_wconf 86' lang='grc'>«</span> <span class='ocrx_word' id='word_1_137' title='bbox 1666 1418 1747 1463; x_wconf 89' lang='lat' dir='ltr'>Di-</span> <span class='ocrx_word' id='word_1_138' title='bbox 1808 1411 1843 1472; x_wconf 58' lang='grc' dir='ltr'>1ἱ</span> 
     </span>
    </p>
   </div>
   <div class='ocr_carea' id='block_1_5' title="bbox 359 1485 1749 2605">
    <p class='ocr_par' dir='ltr' id='par_1_5' title="bbox 359 1485 1749 2605">
     <span class='ocr_line' id='line_1_18' title="bbox 363 1485 1749 1551; baseline 0.001 -20"><span class='ocrx_word' id='word_1_139' title='bbox 363 1508 387 1529; x_wconf 77' lang='grc'>&gt;&gt;</span> <span class='ocrx_word' id='word_1_140' title='bbox 406 1488 526 1532; x_wconf 86' lang='grc'>1111110</span> <span class='ocrx_word' id='word_1_141' title='bbox 546 1488 672 1532; x_wconf 88' lang='lat' dir='ltr'>nobis</span> <span class='ocrx_word' id='word_1_142' title='bbox 693 1487 839 1532; x_wconf 87' lang='lat' dir='ltr'>debita</span> <span class='ocrx_word' id='word_1_143' title='bbox 857 1498 1002 1532; x_wconf 85' lang='lat' dir='ltr'>nostra</span> <span class='ocrx_word' id='word_1_144' title='bbox 1017 1487 1062 1541; x_wconf 81' lang='grc'>1;</span> <span class='ocrx_word' id='word_1_145' title='bbox 1085 1485 1292 1550; x_wconf 78' lang='lat' dir='ltr'>quoniam</span> <span class='ocrx_word' id='word_1_146' title='bbox 1313 1488 1557 1551; x_wconf 80' lang='lat' dir='ltr'>quamlibet</span> <span class='ocrx_word' id='word_1_147' title='bbox 1578 1487 1749 1533; x_wconf 86' lang='lat' dir='ltr'>fortiter</span> 
     </span>
     <span class='ocr_line' id='line_1_19' title="bbox 366 1557 1748 1619; baseline 0 -16"><span class='ocrx_word' id='word_1_148' title='bbox 366 1569 519 1603; x_wconf 82' lang='lat' dir='ltr'>contra</span> <span class='ocrx_word' id='word_1_149' title='bbox 534 1557 638 1603; x_wconf 82' lang='lat' dir='ltr'>vitia</span> <span class='ocrx_word' id='word_1_150' title='bbox 662 1557 918 1603; x_wconf 87' lang='lat' dir='ltr'>dimicemus</span> <span class='ocrx_word' id='word_1_151' title='bbox 935 1595 946 1613; x_wconf 85' lang='lat'>‚</span> <span class='ocrx_word' id='word_1_152' title='bbox 969 1558 1168 1614; x_wconf 73' lang='lat' dir='ltr'>homines</span> <span class='ocrx_word' id='word_1_153' title='bbox 1189 1575 1336 1616; x_wconf 85' lang='lat' dir='ltr'>sumus</span> <span class='ocrx_word' id='word_1_154' title='bbox 1355 1580 1366 1612; x_wconf 91' lang='lat'>;</span> <span class='ocrx_word' id='word_1_155' title='bbox 1393 1559 1471 1604; x_wconf 90' lang='lat' dir='ltr'>Dei</span> <span class='ocrx_word' id='word_1_156' title='bbox 1491 1569 1632 1604; x_wconf 84' lang='lat' dir='ltr'>autem</span> <span class='ocrx_word' id='word_1_157' title='bbox 1655 1576 1748 1619; x_wconf 85' lang='lat' dir='ltr'>gra-</span> 
     </span>
     <span class='ocr_line' id='line_1_20' title="bbox 366 1628 1743 1692; baseline 0.001 -20"><span class='ocrx_word' id='word_1_158' title='bbox 366 1628 426 1673; x_wconf 86' lang='lat' dir='ltr'>tia</span> <span class='ocrx_word' id='word_1_159' title='bbox 445 1629 505 1674; x_wconf 88' lang='lat' dir='ltr'>sic</span> <span class='ocrx_word' id='word_1_160' title='bbox 524 1645 600 1673; x_wconf 90' lang='lat' dir='ltr'>nos</span> <span class='ocrx_word' id='word_1_161' title='bbox 617 1628 663 1673; x_wconf 86' lang='lat' dir='ltr'>iu</span> <span class='ocrx_word' id='word_1_162' title='bbox 684 1628 770 1673; x_wconf 91' lang='lat' dir='ltr'>hoc</span> <span class='ocrx_word' id='word_1_163' title='bbox 784 1628 1063 1691; x_wconf 85' lang='lat' dir='ltr'>corruptibili</span> <span class='ocrx_word' id='word_1_164' title='bbox 1082 1645 1264 1692; x_wconf 89' lang='lat' dir='ltr'>corpore</span> <span class='ocrx_word' id='word_1_165' title='bbox 1277 1628 1455 1688; x_wconf 83' lang='lat' dir='ltr'>adji1vat</span> <span class='ocrx_word' id='word_1_166' title='bbox 1474 1628 1743 1684; x_wconf 81' lang='lat' dir='ltr'>dimicantes,</span> 
     </span>
     <span class='ocr_line' id='line_1_21' title="bbox 365 1698 1739 1763; baseline 0.001 -20"><span class='ocrx_word' id='word_1_167' title='bbox 365 1709 415 1743; x_wconf 88' lang='lat' dir='ltr'>ut</span> <span class='ocrx_word' id='word_1_168' title='bbox 438 1716 527 1744; x_wconf 89' lang='grc'>11011</span> <span class='ocrx_word' id='word_1_169' title='bbox 548 1698 658 1744; x_wconf 84' lang='grc'>(10511</span> <span class='ocrx_word' id='word_1_170' title='bbox 681 1708 867 1762; x_wconf 85' lang='lat' dir='ltr'>propter</span> <span class='ocrx_word' id='word_1_171' title='bbox 890 1699 1010 1762; x_wconf 86' lang='lat' dir='ltr'>quod</span> <span class='ocrx_word' id='word_1_172' title='bbox 1043 1699 1242 1756; x_wconf 77' lang='lat' dir='ltr'>exaudiat</span> <span class='ocrx_word' id='word_1_173' title='bbox 1265 1700 1434 1745; x_wconf 78' lang='lat' dir='ltr'>veniam</span> <span class='ocrx_word' id='word_1_174' title='bbox 1457 1699 1739 1763; x_wconf 80' lang='lat' dir='ltr'>postulantes,</span> 
     </span>
     <span class='ocr_line' id='line_1_22' title="bbox 363 1769 1744 1832; baseline 0.001 -19"><span class='ocrx_word' id='word_1_175' title='bbox 363 1770 497 1814; x_wconf 79' lang='lat' dir='ltr'>Istam</span> <span class='ocrx_word' id='word_1_176' title='bbox 526 1786 654 1832; x_wconf 86' lang='lat' dir='ltr'>super</span> <span class='ocrx_word' id='word_1_177' title='bbox 686 1786 763 1825; x_wconf 87' lang='lat' dir='ltr'>nos</span> <span class='ocrx_word' id='word_1_178' title='bbox 799 1770 878 1813; x_wconf 86' lang='lat' dir='ltr'>Dei</span> <span class='ocrx_word' id='word_1_179' title='bbox 911 1769 1252 1815; x_wconf 83' lang='lat' dir='ltr'>misericordiam</span> <span class='ocrx_word' id='word_1_180' title='bbox 1272 1808 1283 1826; x_wconf 83' lang='grc'>,</span> <span class='ocrx_word' id='word_1_181' title='bbox 1312 1770 1438 1826; x_wconf 80' lang='lat' dir='ltr'>vobis</span> <span class='ocrx_word' id='word_1_182' title='bbox 1461 1769 1744 1830; x_wconf 80' lang='lat' dir='ltr'>necessariam</span> 
     </span>
     <span class='ocr_line' id='line_1_23' title="bbox 362 1839 1741 1903; baseline 0 -20"><span class='ocrx_word' id='word_1_183' title='bbox 362 1855 452 1899; x_wconf 85' lang='lat' dir='ltr'>non</span> <span class='ocrx_word' id='word_1_184' title='bbox 475 1839 663 1902; x_wconf 81' lang='lat' dir='ltr'>putatis;</span> <span class='ocrx_word' id='word_1_185' title='bbox 686 1839 892 1902; x_wconf 87' lang='lat' dir='ltr'>quoniam</span> <span class='ocrx_word' id='word_1_186' title='bbox 914 1856 961 1884; x_wconf 85' lang='lat' dir='ltr'>ex</span> <span class='ocrx_word' id='word_1_187' title='bbox 993 1857 1041 1885; x_wconf 91' lang='lat' dir='ltr'>eo</span> <span class='ocrx_word' id='word_1_188' title='bbox 1070 1857 1249 1895; x_wconf 86' lang='lat' dir='ltr'>numero</span> <span class='ocrx_word' id='word_1_189' title='bbox 1282 1840 1404 1900; x_wconf 78' lang='lat' dir='ltr'>estis,</span> <span class='ocrx_word' id='word_1_190' title='bbox 1440 1840 1492 1902; x_wconf 81' lang='lat' dir='ltr'>de</span> <span class='ocrx_word' id='word_1_191' title='bbox 1513 1840 1673 1903; x_wconf 87' lang='lat' dir='ltr'>quibus</span> <span class='ocrx_word' id='word_1_192' title='bbox 1695 1839 1741 1884; x_wconf 87' lang='lat' dir='ltr'>in</span> 
     </span>
     <span class='ocr_line' id='line_1_24' title="bbox 363 1906 1740 1966; baseline 0 -14"><span class='ocrx_word' id='word_1_193' title='bbox 363 1908 537 1954; x_wconf 82' lang='lat' dir='ltr'>Psalmo</span> <span class='ocrx_word' id='word_1_194' title='bbox 572 1908 741 1954; x_wconf 86' lang='lat' dir='ltr'>dictum</span> <span class='ocrx_word' id='word_1_195' title='bbox 766 1919 855 1965; x_wconf 88' lang='grc'>051,</span> <span class='ocrx_word' id='word_1_196' title='bbox 895 1930 915 1949; x_wconf 86' lang='lat'>«</span> <span class='ocrx_word' id='word_1_197' title='bbox 934 1909 1023 1966; x_wconf 86' lang='lat' dir='ltr'>Qui</span> <span class='ocrx_word' id='word_1_198' title='bbox 1056 1909 1288 1956; x_wconf 86' lang='lat' dir='ltr'>confidunt</span> <span class='ocrx_word' id='word_1_199' title='bbox 1320 1910 1365 1955; x_wconf 90' lang='lat' dir='ltr'>in</span> <span class='ocrx_word' id='word_1_200' title='bbox 1388 1911 1547 1956; x_wconf 79' lang='lat' dir='ltr'>virtute</span> <span class='ocrx_word' id='word_1_201' title='bbox 1570 1906 1644 1955; x_wconf 74' lang='lat' dir='ltr'>sua</span> <span class='ocrx_word' id='word_1_202' title='bbox 1658 1910 1692 1956; x_wconf 77' lang='lat'>2.</span> <span class='ocrx_word' id='word_1_203' title='bbox 1719 1930 1740 1952; x_wconf 77' lang='lat'>»</span> 
     </span>
     <span class='ocr_line' id='line_1_25' title="bbox 364 1977 1740 2041; baseline 0.001 -18"><span class='ocrx_word' id='word_1_204' title='bbox 364 1977 448 2023; x_wconf 85' lang='lat' dir='ltr'>Sed</span> <span class='ocrx_word' id='word_1_205' title='bbox 472 1990 636 2041; x_wconf 86' lang='lat' dir='ltr'>quanto</span> <span class='ocrx_word' id='word_1_206' title='bbox 661 1978 812 2034; x_wconf 84' lang='lat' dir='ltr'>melius</span> <span class='ocrx_word' id='word_1_207' title='bbox 830 1978 1030 2025; x_wconf 84' lang='lat' dir='ltr'>audimus</span> <span class='ocrx_word' id='word_1_208' title='bbox 1055 1980 1386 2035; x_wconf 83' lang='lat' dir='ltr'>Ambrosiumin</span> <span class='ocrx_word' id='word_1_209' title='bbox 1408 1980 1524 2026; x_wconf 85' lang='lat' dir='ltr'>libro</span> <span class='ocrx_word' id='word_1_210' title='bbox 1545 1980 1598 2026; x_wconf 91' lang='lat' dir='ltr'>de</span> <span class='ocrx_word' id='word_1_211' title='bbox 1623 1981 1740 2040; x_wconf 83' lang='lat' dir='ltr'>Fuga</span> 
     </span>
     <span class='ocr_line' id='line_1_26' title="bbox 362 2048 1740 2113; baseline 0.002 -20"><span class='ocrx_word' id='word_1_212' title='bbox 362 2049 511 2094; x_wconf 81' lang='lat' dir='ltr'>saeculi</span> <span class='ocrx_word' id='word_1_213' title='bbox 529 2048 744 2094; x_wconf 87' lang='lat' dir='ltr'>dicentem</span> <span class='ocrx_word' id='word_1_214' title='bbox 762 2049 778 2077; x_wconf 81' lang='lat'><strong>3</strong></span> <span class='ocrx_word' id='word_1_215' title='bbox 805 2067 815 2094; x_wconf 75' lang='grc' dir='ltr'>ε</span> <span class='ocrx_word' id='word_1_216' title='bbox 852 2054 1108 2113; x_wconf 75' lang='lat' dir='ltr'>«Frequens</span> <span class='ocrx_word' id='word_1_217' title='bbox 1138 2052 1265 2096; x_wconf 85' lang='lat' dir='ltr'>nobis</span> <span class='ocrx_word' id='word_1_218' title='bbox 1293 2051 1346 2096; x_wconf 92' lang='lat' dir='ltr'>de</span> <span class='ocrx_word' id='word_1_219' title='bbox 1379 2051 1628 2111; x_wconf 81' lang='lat' dir='ltr'>effugiendo</span> <span class='ocrx_word' id='word_1_220' title='bbox 1658 2051 1740 2096; x_wconf 91' lang='lat' dir='ltr'>isto</span> 
     </span>
     <span class='ocr_line' id='line_1_27' title="bbox 361 2118 1738 2185; baseline 0.001 -21"><span class='ocrx_word' id='word_1_221' title='bbox 361 2118 520 2164; x_wconf 59' lang='lat' dir='ltr'>saeculo</span> <span class='ocrx_word' id='word_1_222' title='bbox 542 2130 603 2164; x_wconf 91' lang='grc'>051</span> <span class='ocrx_word' id='word_1_223' title='bbox 624 2136 761 2164; x_wconf 82' lang='lat' dir='ltr'>sermo</span> <span class='ocrx_word' id='word_1_224' title='bbox 782 2137 792 2164; x_wconf 90' lang='lat'>:</span> <span class='ocrx_word' id='word_1_225' title='bbox 818 2130 947 2183; x_wconf 85' lang='lat' dir='ltr'>atque</span> <span class='ocrx_word' id='word_1_226' title='bbox 971 2121 1138 2166; x_wconf 83' lang='lat' dir='ltr'>utinam</span> <span class='ocrx_word' id='word_1_227' title='bbox 1158 2138 1288 2185; x_wconf 88' lang='lat' dir='ltr'>quam</span> <span class='ocrx_word' id='word_1_228' title='bbox 1314 2120 1452 2166; x_wconf 84' lang='lat' dir='ltr'>facilis</span> <span class='ocrx_word' id='word_1_229' title='bbox 1466 2138 1621 2175; x_wconf 77' lang='lat' dir='ltr'>sermo,</span> <span class='ocrx_word' id='word_1_230' title='bbox 1649 2131 1738 2166; x_wconf 85' lang='lat' dir='ltr'>tam</span> 
     </span>
     <span class='ocr_line' id='line_1_28' title="bbox 362 2189 1741 2255; baseline 0.002 -22"><span class='ocrx_word' id='word_1_231' title='bbox 362 2200 515 2234; x_wconf 85' lang='lat' dir='ltr'>cautus</span> <span class='ocrx_word' id='word_1_232' title='bbox 537 2200 578 2234; x_wconf 96' lang='grc'>01</span> <span class='ocrx_word' id='word_1_233' title='bbox 598 2189 806 2235; x_wconf 87' lang='lat' dir='ltr'>sollicitus</span> <span class='ocrx_word' id='word_1_234' title='bbox 822 2191 1012 2238; x_wconf 79' lang='lat' dir='ltr'>affectus.</span> <span class='ocrx_word' id='word_1_235' title='bbox 1042 2190 1126 2236; x_wconf 88' lang='lat' dir='ltr'>Sed</span> <span class='ocrx_word' id='word_1_236' title='bbox 1146 2191 1262 2254; x_wconf 90' lang='lat' dir='ltr'>quod</span> <span class='ocrx_word' id='word_1_237' title='bbox 1280 2194 1403 2254; x_wconf 89' lang='lat' dir='ltr'>pejus</span> <span class='ocrx_word' id='word_1_238' title='bbox 1425 2202 1486 2237; x_wconf 89' lang='lat' dir='ltr'>est</span> <span class='ocrx_word' id='word_1_239' title='bbox 1503 2228 1513 2240; x_wconf 85' lang='lat'>.</span> <span class='ocrx_word' id='word_1_240' title='bbox 1536 2190 1741 2255; x_wconf 83' lang='lat' dir='ltr'>frequen-</span> 
     </span>
     <span class='ocr_line' id='line_1_29' title="bbox 361 2260 1741 2325; baseline 0.001 -22"><span class='ocrx_word' id='word_1_241' title='bbox 361 2269 428 2303; x_wconf 86' lang='lat' dir='ltr'>ter</span> <span class='ocrx_word' id='word_1_242' title='bbox 452 2260 604 2322; x_wconf 79' lang='lat' dir='ltr'>irrepit</span> <span class='ocrx_word' id='word_1_243' title='bbox 630 2270 894 2306; x_wconf 77' lang='lat' dir='ltr'>terrenarum</span> <span class='ocrx_word' id='word_1_244' title='bbox 923 2260 1128 2307; x_wconf 87' lang='lat' dir='ltr'>illecebra</span> <span class='ocrx_word' id='word_1_245' title='bbox 1153 2261 1447 2325; x_wconf 85' lang='lat' dir='ltr'>cupiditatum</span> <span class='ocrx_word' id='word_1_246' title='bbox 1464 2299 1473 2313; x_wconf 88' lang='grc'>,</span> <span class='ocrx_word' id='word_1_247' title='bbox 1507 2272 1548 2306; x_wconf 89' lang='grc'>01</span> <span class='ocrx_word' id='word_1_248' title='bbox 1569 2262 1741 2307; x_wconf 78' lang='lat' dir='ltr'>vanita-</span> 
     </span>
     <span class='ocr_line' id='line_1_30' title="bbox 361 2331 1734 2394; baseline 0.002 -21"><span class='ocrx_word' id='word_1_249' title='bbox 361 2339 454 2373; x_wconf 85' lang='lat' dir='ltr'>tum</span> <span class='ocrx_word' id='word_1_250' title='bbox 498 2331 649 2375; x_wconf 77' lang='lat' dir='ltr'>offusio</span> <span class='ocrx_word' id='word_1_251' title='bbox 675 2341 860 2375; x_wconf 85' lang='lat' dir='ltr'>mentem</span> <span class='ocrx_word' id='word_1_252' title='bbox 889 2342 1106 2394; x_wconf 85' lang='lat' dir='ltr'>occupat,</span> <span class='ocrx_word' id='word_1_253' title='bbox 1144 2343 1190 2377; x_wconf 90' lang='lat' dir='ltr'>ut</span> <span class='ocrx_word' id='word_1_254' title='bbox 1212 2332 1333 2394; x_wconf 86' lang='lat' dir='ltr'>quod</span> <span class='ocrx_word' id='word_1_255' title='bbox 1368 2332 1538 2377; x_wconf 83' lang='lat' dir='ltr'>studeas</span> <span class='ocrx_word' id='word_1_256' title='bbox 1572 2331 1705 2376; x_wconf 82' lang='lat' dir='ltr'>vitare</span> <span class='ocrx_word' id='word_1_257' title='bbox 1723 2369 1734 2382; x_wconf 80' lang='grc'>,</span> 
     </span>
     <span class='ocr_line' id='line_1_31' title="bbox 359 2397 1740 2463; baseline 0.004 -21"><span class='ocrx_word' id='word_1_258' title='bbox 359 2397 446 2442; x_wconf 74' lang='lat' dir='ltr'>hoc</span> <span class='ocrx_word' id='word_1_259' title='bbox 466 2399 622 2458; x_wconf 76' lang='lat' dir='ltr'>cogites</span> <span class='ocrx_word' id='word_1_260' title='bbox 643 2436 652 2453; x_wconf 81' lang='lat'>‚</span> <span class='ocrx_word' id='word_1_261' title='bbox 679 2400 910 2463; x_wconf 80' lang='lat' dir='ltr'>animoque</span> <span class='ocrx_word' id='word_1_262' title='bbox 941 2401 1103 2447; x_wconf 73' lang='lat' dir='ltr'>volvas.</span> <span class='ocrx_word' id='word_1_263' title='bbox 1135 2401 1266 2457; x_wconf 85' lang='lat' dir='ltr'>Quod</span> <span class='ocrx_word' id='word_1_264' title='bbox 1299 2418 1449 2447; x_wconf 77' lang='lat' dir='ltr'>cavere</span> <span class='ocrx_word' id='word_1_265' title='bbox 1474 2400 1654 2447; x_wconf 80' lang='lat' dir='ltr'>difficile</span> <span class='ocrx_word' id='word_1_266' title='bbox 1680 2412 1740 2447; x_wconf 85' lang='grc'>051</span> 
     </span>
     <span class='ocr_line' id='line_1_32' title="bbox 359 2467 1740 2534; baseline 0.003 -22"><span class='ocrx_word' id='word_1_267' title='bbox 359 2467 559 2523; x_wconf 73' lang='lat' dir='ltr'>homini,</span> <span class='ocrx_word' id='word_1_268' title='bbox 589 2486 738 2514; x_wconf 80' lang='lat' dir='ltr'>exuere</span> <span class='ocrx_word' id='word_1_269' title='bbox 771 2481 913 2515; x_wconf 86' lang='lat' dir='ltr'>autem</span> <span class='ocrx_word' id='word_1_270' title='bbox 946 2471 1229 2534; x_wconf 85' lang='lat' dir='ltr'>impossibile.</span> <span class='ocrx_word' id='word_1_271' title='bbox 1265 2471 1463 2534; x_wconf 86' lang='lat' dir='ltr'>Denique</span> <span class='ocrx_word' id='word_1_272' title='bbox 1493 2474 1585 2517; x_wconf 79' lang='lat' dir='ltr'>voti</span> <span class='ocrx_word' id='word_1_273' title='bbox 1606 2471 1740 2532; x_wconf 84' lang='lat' dir='ltr'>magis</span> 
     </span>
     <span class='ocr_line' id='line_1_33' title="bbox 360 2541 1735 2605; baseline 0.004 -22"><span class='ocrx_word' id='word_1_274' title='bbox 360 2554 452 2583; x_wconf 81' lang='lat' dir='ltr'>eam</span> <span class='ocrx_word' id='word_1_275' title='bbox 479 2555 565 2583; x_wconf 89' lang='lat' dir='ltr'>esse</span> <span class='ocrx_word' id='word_1_276' title='bbox 588 2556 674 2584; x_wconf 86' lang='lat' dir='ltr'>rem</span> <span class='ocrx_word' id='word_1_277' title='bbox 694 2556 825 2601; x_wconf 84' lang='lat' dir='ltr'>quam</span> <span class='ocrx_word' id='word_1_278' title='bbox 847 2541 1038 2597; x_wconf 77' lang='lat' dir='ltr'>effectus,</span> <span class='ocrx_word' id='word_1_279' title='bbox 1063 2551 1243 2586; x_wconf 86' lang='lat' dir='ltr'>testatur</span> <span class='ocrx_word' id='word_1_280' title='bbox 1262 2542 1487 2605; x_wconf 80' lang='lat' dir='ltr'>Propheta</span> <span class='ocrx_word' id='word_1_281' title='bbox 1518 2541 1705 2588; x_wconf 80' lang='lat' dir='ltr'>dicendo</span> <span class='ocrx_word' id='word_1_282' title='bbox 1725 2559 1735 2587; x_wconf 73' lang='grc' dir='ltr'>ε</span> 
     </span>
    </p>
   </div>
   <div class='ocr_carea' id='block_1_6' title="bbox 407 2620 1592 2667">
    <p class='ocr_par' dir='ltr' id='par_1_6' title="bbox 407 2620 1592 2667">
     <span class='ocr_line' id='line_1_34' title="bbox 407 2620 1592 2667; baseline 0.006 -18"><span class='ocrx_word' id='word_1_283' title='bbox 407 2620 414 2640; x_wconf 82' lang='lat'><strong><em>¹</em></strong></span> <span class='ocrx_word' id='word_1_284' title='bbox 438 2620 552 2653; x_wconf 73' lang='lat' dir='ltr'>Mauh,</span> <span class='ocrx_word' id='word_1_285' title='bbox 574 2631 616 2651; x_wconf 68' lang='lat' dir='ltr'>vr.</span> <span class='ocrx_word' id='word_1_286' title='bbox 642 2633 752 2653; x_wconf 48' lang='grc'>11-</span> <span class='ocrx_word' id='word_1_287' title='bbox 769 2620 784 2642; x_wconf 70' lang='lat'>²</span> <span class='ocrx_word' id='word_1_288' title='bbox 803 2622 878 2654; x_wconf 60' lang='lat' dir='ltr'>psal.</span> <span class='ocrx_word' id='word_1_289' title='bbox 900 2633 1013 2657; x_wconf 54' lang='grc' dir='ltr'>κτλ-111,</span> <span class='ocrx_word' id='word_1_290' title='bbox 1033 2637 1066 2663; x_wconf 79' lang='lat'>7,</span> <span class='ocrx_word' id='word_1_291' title='bbox 1085 2642 1127 2648; x_wconf 94' lang='lat'>—</span> <span class='ocrx_word' id='word_1_292' title='bbox 1144 2621 1218 2654; x_wconf 75' lang='lat' dir='ltr'>3De</span> <span class='ocrx_word' id='word_1_293' title='bbox 1232 2626 1313 2664; x_wconf 65' lang='lat' dir='ltr'>Fuga</span> <span class='ocrx_word' id='word_1_294' title='bbox 1335 2625 1529 2667; x_wconf 63' lang='grc' dir='ltr'>ςῃψη1ῑ,νπρ</span> <span class='ocrx_word' id='word_1_295' title='bbox 1567 2637 1592 2656; x_wconf 88' lang='lat'>1.</span> 
     </span>
    </p>
   </div>
   <div class='ocr_carea' id='block_1_7' title="bbox 1786 802 1843 3190">
    <p class='ocr_par' dir='ltr' id='par_1_7' title="bbox 1786 802 1843 3190">
     <span class='ocr_line' id='line_1_35' title="bbox 1786 802 1843 3190; baseline 0 0"><span class='ocrx_word' id='word_1_296' title='bbox 1786 802 1843 3190; x_wconf 95' lang='lat' dir='ltr'> </span> 
     </span>
    </p>
   </div>
  </div>
 </body>
</html>
