1843 3190
302 234 396 280 316
719 246 755 277 s.
798 244 1039 276 Aucusrrm
1073 243 1279 276 EPIscom

303 312 485 360 videaris
508 312 582 359 illo
604 311 785 358 indocto
800 311 977 357 homine
997 309 1167 356 doctior
1185 331 1197 365 3
1217 309 1290 356 sed
1313 309 1347 356 si
1361 328 1385 355 a
1402 320 1442 357 te
1459 311 1675 358 recesserit

303 383 577 447 impudentia
595 420 605 440 ‚
632 383 708 429 illo
732 382 895 429 infante
919 381 1160 427 remanebis
1187 380 1410 428 infantior.

367 455 418 500 V.
462 454 546 500 Sed
570 454 785 518 prooemio
805 452 1032 498 terminato
1050 489 1061 508 ,
1089 469 1174 515 quo
1195 451 1418 515 imperitos
1431 451 1676 499 admonitos

303 525 550 581 removisti,
583 535 624 570 et
645 541 886 588 paucorum
909 523 992 568 tibi
1016 539 1137 568 aures
1162 522 1474 568 eruditissimas
1495 539 1676 586 praepa-

300 595 432 651 rasti,
475 595 583 658 quid
619 594 925 658 disputationis
967 591 1211 653 aggrediare
1244 591 1482 638 videamus.
1523 592 1676 638 Nescio

301 665 411 729 quid
434 666 546 711 enim
567 666 666 711 satis
695 676 872 711 acutum
888 664 968 710 tibi
984 664 1106 710 ‘venit
1127 663 1174 708 in
1196 673 1383 708 mentem
1398 699 1410 718 ,
1431 662 1551 726 quod
1572 673 1612 708 te
1631 662 1678 708 in

302 736 491 781 secundo
516 736 631 781 libro
656 747 730 781 tuo
764 736 957 796 fugerat,
989 751 1091 780 cum
1123 733 1177 778 de
1195 733 1402 778 membris
1430 733 1673 797 pudendis,

301 823 401 870 quae
414 818 514 870 post
534 819 765 870 peccatum
788 806 993 852 rationali
1014 804 1336 852 verecundante
1366 815 1523 849 natura
1548 804 1678 850 ficul-

303 895 484 924 neorum
505 879 712 942 adoperta
735 889 835 924 sunt
860 877 1046 937 tegmine
1057 875 1264 921 foliorum
1283 912 1294 931 ‚
1316 875 1453 921 multa
1474 875 1674 930 dixisses;

301 946 460 994 frustra
486 947 673 994 refutare
697 959 878 994 conatus
914 946 1034 1010 quod
1070 963 1147 1006 ego
1171 945 1363 991 dixeram
1387 962 1398 989 ε
1421 966 1441 987 «
1461 944 1553 991 Cur
1577 962 1677 1006 ergo

302 1035 349 1062 ex
367 1017 451 1063 illis
470 1019 677 1065 membris
695 1018 890 1065 confusio
912 1029 1013 1082 post
1027 1028 1257 1080 peccatum
1277 1054 1288 1073 ,
1312 1016 1395 1062 nisi
1416 1017 1519 1081 quia
1542 1017 1680 1063 extitit

301 1087 391 1133 illic
416 1089 620 1136 indecens
657 1089 862 1136 motus‘l‘?
882 1113 901 1131 υ
927 1088 1048 1146 Quid
1084 1089 1218 1148 igitur
1252 1088 1528 1147 excogitasti,
1559 1087 1678 1151 quod

301 1156 361 1202 ita
381 1159 462 1204 tibi
487 1160 682 1223 placuit,
710 1171 760 1206 ut
783 1177 861 1206 nec
881 1160 1004 1205 finito
1028 1158 1275 1214 volumine,
1296 1158 1375 1203 ubi
1396 1159 1511 1204 hanc
1532 1175 1678 1222 quaes-

302 1227 463 1275 tionem
482 1240 569 1277 tam
584 1232 790 1278 diuturna
803 1230 1066 1294 loquacitate
1081 1229 1280 1283 versasti,
1292 1233 1384 1288 jam
1402 1229 1488 1274 hoc
1503 1240 1679 1293 putares

301 1300 622 1348 omittendum?
645 1324 665 1343 c<
684 1302 912 1365 Scriptum
928 1318 1014 1347 esse
1037 1300 1145 1346 dicis
1165 1318 1176 1345 z
1202 1301 1258 1345 Et
1278 1299 1471 1345 fecerunt
1487 1300 1571 1345 sibi
1588 1317 1679 1346 ves-

300 1370 481 1418 timenta
500 1410 511 1429 ,
534 1373 1166 1437 aliamqueinterpretationem
1183 1371 1347 1417 habere
1367 1387 1679 1417 commemoras

301 1442 593 1504 perizomata2
617 1462 626 1489 :
657 1455 699 1490 et
731 1443 983 1490 vestimenta
1006 1442 1213 1506 perhibes
1235 1440 1367 1486 totius
1394 1441 1588 1504 corporis
1613 1441 1679 1487 in-

301 1511 560 1560 dumentum
581 1514 764 1575 intelligi
787 1531 935 1578 posse,
958 1512 1079 1576 quod
1099 1512 1154 1557 ad
1176 1510 1361 1575 pudoris
1382 1511 1565 1557 refertur
1580 1511 1680 1557 offi-

301 1583 434 1631 cium.
465 1605 485 1626 »
511 1585 599 1630 Ubi
633 1585 768 1631 miror
803 1585 934 1630 istum
969 1585 1248 1646 interpretem
1281 1598 1412 1646 quem
1445 1581 1616 1641 legisti,
1644 1582 1679 1628 si

299 1653 555 1713 Pelagianus
573 1672 663 1700 non
677 1655 761 1701 fuit
775 1692 785 1711 ,
803 1672 850 1701 ex
869 1672 918 1700 eo
934 1654 1051 1718 quod
1071 1655 1252 1699 Graecus
1268 1652 1328 1697 ait
1347 1672 1368 1693 «
1387 1651 1675 1709 Perizoniata,

299 1725 553 1771 vestimenta
578 1747 598 1767 >2
625 1727 816 1790 potuisse
849 1724 1092 1771 transferre.
1123 1723 1285 1769 Verum
1317 1722 1451 1768 ethic
1475 1722 1511 1768 si
1525 1721 1679 1785 *pudor

298 1793 431 1852 adsit,
475 1796 531 1842 ad
568 1802 695 1858 cujus
722 1797 916 1843 officium
952 1796 1203 1841 vestimenta
1241 1793 1388 1838 asseris
1425 1792 1647 1856 pertinere
1662 1829 1674 1849 ,

298 1881 570 1929 nequaquam
585 1867 842 1930 persuadere
862 1865 1088 1911 conaberis
1098 1863 1298 1909 homines
1314 1863 1480 1926 primos
1496 1872 1678 1926 peccato

299 1938 504 1997 magistro
525 1937 605 1983 ista
618 1938 801 2001 pudoris
823 1937 963 1983 officia
989 1935 1212 1991 didicisse,
1231 1945 1272 1980 et
1289 1934 1335 1979 in
1348 1933 1407 1979 eis
1424 1933 1547 1996 prius
1567 1932 1675 1978 duas

298 2008 419 2071 quasi
434 2009 569 2054 socias
585 2020 627 2055 et
645 2010 803 2055 amicas
821 2007 1126 2054 convenienter
1150 2005 1366 2051 habitasse
1383 2003 1677 2050 innocentiam

297 2090 339 2124 et
361 2080 692 2142 impudentiam.
726 2079 915 2136 Quando
940 2079 1054 2124 enim
1080 2076 1193 2122 nudi
1216 2086 1363 2131 erant,
1393 2085 1435 2119 et
1455 2091 1542 2119 non
1567 2091 1678 2120 con-

296 2149 614 2207 fundebantur,
643 2149 927 2197 inverecundi
957 2159 1078 2194 erant
1101 2146 1343 2193 secundum
1372 2156 1492 2190 tuam
1517 2144 1675 2208 dispu-

298 2221 533 2278 tationem,
558 2233 643 2268 eta
669 2221 856 2267 naturali
881 2219 1063 2284 pudoris
1086 2235 1210 2264 sensu
1234 2216 1535 2263 abhorrebant
1561 2232 1572 2261 ε
1600 2214 1674 2261 sed

299 2291 500 2338 videlicet
518 2293 573 2338 ab
597 2293 677 2338 ista
696 2293 909 2356 pravitate
931 2289 1155 2355 peccando
1169 2287 1354 2334 correcti
1371 2297 1498 2342 sunt,
1516 2295 1557 2331 et
1576 2302 1676 2331 sen-

296 2378 366 2407 sus
392 2363 606 2425 reprobus
626 2363 997 2426 praevaricationis
1014 2361 1153 2407 factus
1167 2370 1231 2404 est
1256 2359 1302 2404 in
1318 2357 1376 2403 eis
1399 2356 1553 2402 doctor
1577 2372 1667 2419 pu-

298 2432 428 2479 doris.
456 2433 674 2479 Pudentes
706 2434 872 2497 quippe
893 2432 995 2479 fecit
1018 2430 1210 2494 nequitia
1225 2467 1235 2485 ,
1270 2445 1379 2492 quos
1401 2426 1676 2491 impudentes

291 2504 460 2565 justitia
484 2503 685 2550 faciebat.
719 2505 813 2550 Imo
838 2521 939 2551 vero
957 2514 1032 2549 tua
1052 2503 1131 2549 ista
1151 2499 1361 2548 sententia
1379 2499 1438 2546 ita
1461 2508 1522 2546 est
1544 2497 1674 2544 inde-

342 2574 352 2610 ἶ
375 2586 446 2622 Lib.
470 2598 500 2620 1.
517 2586 557 2622 de
573 2587 702 2632 Nuptiis
719 2592 749 2620 et
766 2589 910 2631 Concup.
929 2597 1000 2631 cap.
1022 2587 1054 2620 5.
1072 2603 1116 2612 —
1135 2584 1150 2608 ²
1166 2587 1249 2619 Gen.
1266 2595 1316 2627 ιιι,
1333 2595 1363 2624 7.
