1843 3190
301 240 390 286 332
721 256 754 285 5.
800 255 1042 286 Auen-snm
1079 256 1281 287 Episcom

300 320 568 382 praeconium
589 320 707 367 vocis
726 332 811 367 tuae
828 322 874 366 in
897 322 1026 367 simili
1050 339 1196 377 causa,
1221 334 1297 368 aut
1321 322 1522 369 mendaci
1541 323 1672 371 redde

300 391 494 454 spiritui,
519 403 591 437 ant
609 392 861 438 contumaci
881 392 982 438 tolle
999 393 1190 439 libidini.

366 463 506 507 XVII.
544 462 665 518 Quid
693 462 804 522 fugis
831 462 883 507 ad
907 463 1255 509 obscurissimam
1286 463 1339 509 de
1363 465 1504 509 anima
1527 481 1676 527 quaes-

302 532 495 578 tionem?
528 534 579 578 In
616 533 819 596 paradiso
853 534 907 578 ab
944 535 1088 579 animo
1120 534 1296 598 quidem
1326 535 1464 597 coepit
1497 534 1674 591 elatiost,

302 611 343 646 et
363 601 415 646 ad
435 613 707 665 praeceptum
732 602 1134 662 transgrediendum
1157 603 1258 648 inde
1280 604 1499 649 consensio
1515 641 1526 658 9
1547 621 1678 667 prop·

305 681 369 716 ter
385 672 505 735 quod
520 672 687 718 dictum
713 684 775 718 est
795 691 816 718 a
840 684 1059 736 serpente,
1083 674 1211 719 Eritis
1231 674 1343 720 sicut
1362 674 1422 719 dii
1443 692 1452 718 :
1476 673 1548 719 sed
1575 690 1677 737 pec-

305 753 452 787 catum
476 742 586 788 illud
608 743 742 788 homo
779 754 893 788 totus
921 743 1132 806 implevit.
1175 745 1301 790 Tunc
1335 755 1398 789 est
1433 761 1532 789 caro
1563 744 1680 789 facta

306 812 490 873 peccati,
514 816 638 871 cujus
654 813 759 858 vitia
783 824 988 857 sanantur
1007 813 1097 858 sola
1116 813 1399 859 similitudine
1413 814 1552 859 carnis
1572 830 1680 877 pec-

305 881 403 927 cati.
435 882 493 926 Ut
527 898 626 941 ergo
658 893 699 927 et
734 882 877 927 anima
897 893 940 927 et
961 899 1059 927 caro
1080 883 1240 946 pariter
1261 894 1496 948 utrumque
1518 884 1682 947 punia-

306 960 395 1005 tur,
422 951 504 996 nisi
524 952 643 1014 quod
661 953 870 1008 nascitur,
892 953 1154 998 renascendo
1175 954 1460 1008 emundetur3
1487 953 1682 1018 profecto

310 1033 384 1067 aut
404 1032 638 1085 utrumque
661 1023 859 1068 vitiatum
886 1040 932 1068 ex
953 1023 1131 1069 homine
1154 1024 1366 1081 trahitur,
1402 1035 1477 1070 aut
1501 1025 1683 1070 alterum

310 1093 356 1138 in
394 1094 527 1139 altero
561 1105 767 1157 tanquam
789 1096 835 1140 in
859 1095 1008 1140 vitiato
1041 1112 1140 1141 vase
1164 1097 1479 1160 corrumpitur,
1507 1096 1584 1141 ubi
1608 1112 1685 1140 oc-

310 1163 425 1209 culta
443 1164 613 1222 justitia
627 1164 787 1210 divinae
805 1165 910 1224 Iegis
926 1165 1180 1212 includitur.
1216 1167 1337 1223 Quid
1360 1177 1503 1212 autem
1526 1166 1684 1211 horum

310 1235 364 1278 sit
385 1251 533 1279 verum
552 1272 562 1290 ‚
589 1234 794 1281 libentius
818 1235 936 1280 disco
956 1252 1088 1298 quam
1109 1235 1226 1292 dico,
1250 1254 1302 1281 ne
1324 1236 1506 1282 audeam
1532 1235 1686 1280 docere

311 1303 430 1367 quod
456 1304 612 1352 nescio.
652 1307 749 1351 Hoc
781 1316 922 1351 tamen
960 1305 1047 1350 scio
1070 1343 1080 1361 ,
1115 1306 1162 1351 id
1203 1306 1364 1352 horum
1398 1323 1484 1351 esse
1505 1322 1682 1361 verum,

310 1374 430 1437 quod
451 1374 556 1420 fides
576 1392 674 1421 vera
689 1413 700 1432 ,
722 1377 900 1440 antiqua
920 1413 930 1432 ,
958 1376 1174 1422 catholica
1190 1413 1201 1432 ‚
1225 1394 1313 1440 qua
1342 1376 1534 1422 creditur
1554 1387 1596 1421 et
1617 1392 1686 1421 as-

312 1445 465 1490 seritur
488 1445 693 1505 originale
717 1457 949 1509 peccatum
969 1483 979 1502 ‚
1019 1464 1107 1491 non
1131 1463 1215 1491 esse
1247 1446 1483 1493 convicerit
1511 1445 1680 1492 falsum.

314 1516 399 1560 Ista
418 1515 522 1561 fides
543 1533 629 1562 non
647 1528 826 1577 negetur
843 1535 853 1562 :
868 1517 1006 1563 ethoc
1021 1517 1207 1580 quodde
1225 1519 1368 1562 anima
1387 1517 1491 1563 latet
1510 1554 1521 1572 ‚
1543 1527 1617 1562 aut
1640 1533 1689 1561 ex

315 1586 403 1631 otio
423 1586 634 1642 discitur;
660 1599 762 1643 aut,
790 1588 901 1633 sicut
925 1588 1008 1633 alia
1032 1588 1167 1633 multa
1190 1589 1237 1633 in
1262 1588 1346 1633 hac
1367 1588 1454 1634 vita
1471 1586 1689 1632 sinesalu-

315 1657 366 1702 tis
385 1656 484 1701 labe
506 1658 708 1704 nescitur.
732 1658 869 1718 Magis
893 1659 1007 1703 enim
1035 1658 1279 1704 curandum
1298 1669 1360 1703 est
1376 1696 1387 1714 ,
1415 1658 1502 1704 sive
1519 1658 1563 1703 in
1582 1674 1689 1720 par-

318 1726 446 1782 vulis,
461 1727 546 1772 sive
562 1728 604 1772 in
629 1727 882 1787 grandibuS,
904 1745 991 1791 quo
1008 1729 1150 1773 anima
1168 1739 1342 1774 sanetur
1360 1728 1535 1783 auxilio3
1558 1743 1689 1790 quam

319 1814 407 1860 quo
431 1798 578 1844 vitiata
603 1799 657 1843 sit
681 1799 832 1844 merito
855 1816 864 1843 :
892 1816 992 1862 quae
1019 1810 1162 1845 tamen
1187 1800 1220 1845 si
1250 1800 1400 1846 vitiata
1424 1799 1659 1862 negabitur
1675 1834 1686 1854 ,

316 1884 395 1913 nec
432 1868 672 1915 sanabitur.

380 1938 544 1985 XVIII.
589 1938 707 1984 Illud
728 1957 827 1985 sane
851 1957 930 1985 cur
950 1940 1128 1995 dixeris,
1162 1942 1399 2000 excogitare
1424 1957 1514 1985 non
1536 1939 1688 2002 potui,

316 2007 360 2052 in
379 2025 427 2053 eo
447 2007 567 2071 quod
591 2011 936 2055 commemorasti
963 2010 1115 2071 dixisse
1143 2010 1400 2073 Apostolum
1424 2027 1435 2054 :
1461 2030 1482 2050 t<
1498 2013 1554 2054 Et
1577 2020 1692 2055 tene-

316 2100 337 2119 »
355 2079 444 2124 bris
461 2079 687 2142 oppletum
702 2091 764 2125 est
779 2081 984 2144 insipiens
996 2099 1070 2127 cor
1091 2099 1252 2128 eorum.
1276 2104 1296 2124 »
1317 2081 1535 2128 Addidisti
1547 2080 1660 2125 enim
1677 2097 1688 2124 :

316 2168 337 2189 c<
358 2149 610 2194 Notandum
646 2167 761 2206 esse,
796 2152 1004 2214 quoniam
1037 2153 1331 2216 insipientiam
1366 2168 1539 2197 causam
1576 2150 1694 2196 dicat

317 2238 338 2258 ›>
357 2219 552 2264 omnium
583 2220 796 2266 malorum
816 2222 849 2269 2.
876 2243 897 2263 »
922 2223 1018 2268 Hoc
1049 2223 1226 2286 quidem
1259 2223 1410 2268 dixisse
1437 2220 1693 2284 Apostolum

316 2304 403 2332 non
427 2289 525 2334 satis
546 2291 846 2337 co11stat.Sed
874 2309 961 2337 non
981 2293 1081 2338 inde
1101 2293 1347 2339 contendo:
1378 2303 1424 2338 tu
1448 2292 1596 2355 potius
1615 2306 1693 2335 cur

317 2358 403 2404 hoc
427 2359 582 2405 dixeris
601 2365 864 2423 quae10.An
891 2362 999 2409 forte
1023 2365 1125 2427 qui-1
1159 2364 1334 2427 parvuli
1367 2380 1455 2408 non
1487 2372 1601 2407 lecte
1621 2361 1694 2406 di-
1747 2366 1761 2369 ⁷*

317 2439 478 2475 cuntur
507 2430 784 2493 insipientes,
818 2434 919 2496 quia
944 2434 1139 2480 nondum
1166 2435 1386 2499 sapientiae
1410 2442 1591 2498 possunt
1609 2448 1695 2478 esse

316 2500 567 2563 participes,
600 2500 697 2546 ideo
723 2502 894 2548 nullum
916 2522 969 2549 111·
964 2504 1078 2551 aium
1098 2505 1155 2551 eis
1179 2507 1311 2551 inesse
1333 2505 1396 2551 115
1415 2502 1549 2560 medi,
1575 2500 1693 2566 quod

367 2584 376 2605 ¹
398 2587 482 2618 Gen.
508 2597 564 2628 111,
590 2587 619 2618 5.
637 2604 674 2609 —
693 2585 815 2619 ²Rom.
841 2599 867 2626 r,
887 2599 939 2621 21.
