1843 3190
351 302 411 347 86
770 317 805 346 s.
850 314 1093 346 Auousrrm
1127 316 1331 347 EPISCOPI

353 392 626 428 contemnere
669 380 814 426 dixero
833 418 844 436 ,
888 379 1085 426 mentiar.
1139 380 1372 437 Quomodo
1414 381 1529 446 einim
1551 398 1727 446 possum

363 452 441 497 ista
468 462 757 505 contemnere,
785 449 863 495 ubi
893 449 1185 494 testimonium
1207 451 1485 497 conscientiae
1516 470 1624 498 meae
1649 470 1728 498 co-

350 524 486 583 gitans
503 559 513 576 ,
546 521 612 566 vel
635 520 818 580 gaudere
851 537 917 564 me
942 520 1066 565 video
1097 520 1253 566 debere
1270 539 1352 584 pro
1374 539 1441 567 me
1457 559 1468 577 ,
1495 522 1564 568 vel
1583 523 1731 569 dolere

354 609 434 655 pro
468 603 531 645 te,
554 602 594 635 et
612 607 692 653 pro
721 591 779 634 eis
803 590 878 652 qui
904 588 1185 653 decipiuntur
1220 590 1298 636 abs
1336 595 1408 637 te?
1440 593 1548 648 Quis
1588 603 1731 638 autem

352 672 600 707 contemnat
624 662 711 706 sive
729 661 1000 706 exultationis
1030 678 1118 706 suae
1135 662 1377 717 materiam,
1401 662 1487 707 sive
1506 663 1729 708 moeroris?

355 734 463 776 Nam
492 731 606 776 unde
629 731 790 793 partim
815 730 1016 776 leetamur
1035 767 1045 786 ‚
1072 731 1233 794 partim
1262 732 1592 788 contristamur,
1612 731 1733 777 nulla

353 801 518 845 ratione
545 801 874 846 contemnimus
922 801 1116 845 Meorum
1142 801 1309 863 quippe
1326 819 1453 846 causa
1475 802 1733 861 gaudiorum

351 880 412 914 est
438 869 663 931 promissio
689 869 867 913 Domini
890 868 1103 913 dicentis:
1128 890 1148 910 α
1174 870 1288 914 Cum
1309 869 1463 915 dicunt
1490 887 1616 916 omne
1637 888 1735 916 ma-

354 961 373 980 »
392 939 481 983 lum
511 938 737 984 adversum
762 955 837 983 vos
862 938 1115 983 mentientes
1157 950 1341 1001 propter
1377 957 1462 995 me,
1491 939 1671 999 gaudete
1694 951 1736 985 et

355 1032 375 1052 )>
401 1009 602 1064 exultate,
625 1009 834 1071 quoniam
866 1025 1028 1054 merces
1056 1019 1195 1054 vestra
1213 1009 1350 1054 multa
1375 1021 1437 1054 est
1454 1010 1498 1054 in
1517 1010 1684 1056 coelis1.
1717 1032 1736 1052 »

356 1082 411 1126 Et
442 1097 586 1125 rursus
626 1079 708 1123 mei
746 1096 871 1124 causa
914 1079 1111 1124 moeroris
1130 1090 1192 1124 est
1215 1080 1410 1142 Apostoli
1436 1081 1630 1135 affectus,
1661 1081 1737 1125 ubi

358 1152 450 1209 lego
476 1168 485 1194 t
515 1172 534 1190 «
559 1149 666 1206 Quis
699 1149 948 1194 infirmatur
978 1160 1020 1195 et
1050 1167 1127 1209 ego
1144 1167 1230 1195 non
1249 1150 1475 1194 infirmor?
1499 1151 1595 1212 quis
1619 1167 1740 1195 scan-

362 1242 380 1261 »
409 1220 637 1273 dalizatur‚
661 1229 702 1263 et
726 1235 803 1278 ego
834 1236 922 1263 non
948 1235 1052 1263 uror
1072 1220 1117 1263 2?
1145 1241 1165 1260 »
1193 1219 1276 1264 Sed
1302 1220 1399 1264 haec
1424 1237 1503 1282 pro
1523 1230 1599 1265 tuo
1627 1220 1739 1279 dog-
1768 1262 1772 1263 ⁷

360 1300 488 1344 mate,
513 1290 632 1351 quod
653 1289 872 1333 veritatem
899 1300 1047 1350 putas,
1076 1289 1204 1334 etiam
1232 1300 1279 1334 tu
1314 1300 1435 1352 potes
1455 1289 1612 1336 dicere.
1644 1292 1739 1336 Au-

354 1359 542 1404 feramus
566 1360 711 1421 itaquc
735 1358 788 1403 de
812 1358 972 1415 medio,
999 1359 1032 1404 si
1052 1359 1213 1422 placet,
1245 1360 1324 1404 ista
1345 1360 1612 1416 communia,
1638 1377 1740 1423 quae

357 1429 444 1474 dici
479 1445 525 1473 ex
552 1438 736 1490 utraque
760 1438 884 1490 parte
923 1440 1106 1491 possunt
1137 1446 1148 1474 ε
1179 1429 1378 1492 quamvis
1410 1430 1623 1475 veraciter
1652 1429 1741 1475 dici

359 1516 406 1544 ex
430 1509 614 1561 utraque
635 1508 759 1560 parte
782 1515 869 1543 non
882 1510 1079 1561 possunt.
1238 1560 1240 1562 ‚

425 1569 485 1614 II.
531 1568 725 1612 Primum
753 1564 827 1613 ahs
850 1578 890 1613 te
912 1578 1085 1631 quaero,
1115 1585 1194 1614 cur
1213 1567 1327 1614 libro
1351 1585 1445 1614 meo
1471 1568 1617 1614 saltem
1636 1586 1740 1632 spe—

361 1640 425 1686 cie
444 1650 566 1684 tenus
596 1648 632 1683 te
656 1637 924 1701 respondisse
948 1638 1156 1698 glorieris,
1184 1656 1285 1684 cum
1298 1639 1381 1684 tuis
1404 1639 1528 1683 libris
1555 1650 1742 1701 quatuor

361 1711 489 1756 unius
510 1709 593 1753 mei
618 1719 786 1771 partem
810 1725 888 1753 nec
913 1717 1115 1771 quartam
1155 1708 1515 1771 reprehendendo
1538 1710 1740 1768 tetigeris;

363 1796 519 1842 eosque
546 1778 679 1823 saltus
707 1778 752 1823 in
774 1777 1085 1840 praetereundis
1106 1778 1209 1823 meis
1228 1778 1600 1840 disputationibus
1627 1779 1745 1830 fece-

364 1851 438 1905 ris,
468 1848 589 1912 quasi
607 1849 784 1893 omnino
803 1848 1048 1911 desperares
1069 1849 1295 1911 utriusque
1317 1849 1475 1911 operis,
1496 1859 1537 1893 et
1555 1849 1639 1893 mei
1655 1850 1742 1895 sci-

362 1919 464 1964 licet
486 1930 527 1963 et
555 1918 619 1963 tui
651 1934 916 1982 quemquam
948 1935 1033 1963 esse
1057 1935 1179 1981 posse
1194 1918 1415 1972 lectorem,
1459 1919 1535 1984 qui
1561 1919 1639 1963 ista
1663 1919 1743 1965 de-

367 1988 670 2052 prehenderet.
696 1988 895 2050 Denique
914 1988 1041 2032 etiam
1058 2005 1198 2051 pauca
1214 1989 1326 2051 ipsa,
1343 1989 1388 2033 in
1405 1988 1566 2050 quibus
1579 1989 1648 2034 vix
1661 1999 1739 2044 est,

366 2070 415 2104 ut
435 2058 539 2113 dixi,
555 2068 709 2120 quarta
737 2075 835 2120 pars
856 2058 1088 2104 voluminis
1111 2060 1212 2114 mei,
1249 2076 1349 2121 quae
1372 2058 1488 2105 velut
1505 2058 1745 2104 infirmiora

366 2128 627 2182 existimans,
648 2138 836 2189 quatuor
855 2138 1026 2172 tuorum
1047 2128 1329 2187 grandiorum
1341 2125 1614 2173 voluminum
1635 2138 1743 2173 stre-

313 2230 317 2232 -
367 2198 483 2259 pitu,
515 2196 638 2258 quasi
663 2196 973 2258 quadrigarum
1010 2197 1177 2259 impetu
1202 2208 1468 2260 prosternere
1486 2207 1526 2242 et
1559 2197 1744 2242 concul-

367 2283 463 2312 care
478 2266 654 2310 molitus
668 2283 726 2321 es,
746 2266 1086 2312 consideratione
1101 2267 1238 2312 multo
1255 2267 1449 2329 plurium
1466 2277 1740 2323 caeterorum,

368 2352 469 2399 quae
499 2346 705 2394 attingere
742 2345 952 2391 timuisti,
997 2353 1253 2381 mconcussa
1286 2352 1457 2383 manere
1495 2347 1745 2381 monstran-

368 2416 465 2450 tur:
497 2404 618 2467 quod
659 2403 883 2449 ostendere
919 2422 1030 2467 pene
1057 2407 1325 2468 superfluum
1353 2416 1427 2451 est.
1468 2405 1746 2451 Admonendi

372 2475 486 2519 enim
525 2484 625 2518 sunt
647 2473 811 2535 potius,
835 2474 911 2535 qui
933 2474 1019 2519 hoc
1042 2492 1163 2519 nosse
1187 2474 1455 2530 desiderant,
1486 2484 1532 2519 ut
1555 2491 1643 2519 non
1676 2491 1745 2520 eos

365 2543 511 2608 pigeat
534 2551 768 2606 utrumque
790 2542 945 2603 legere,
967 2554 1008 2589 et
1025 2545 1147 2609 quod
1168 2544 1338 2609 scripsi,
1357 2555 1400 2591 et
1419 2543 1540 2607 quod
1558 2561 1744 2608 respon-

418 2626 431 2673 }
452 2624 569 2659 Matth.
587 2636 618 2670 v²
640 2635 692 2671 11,
711 2622 784 2648 —2
802 2635 820 2673 a
838 2625 916 2661 Cor.
933 2636 981 2672 ’⁵¹2
997 2637 1054 2668 29.
