1843 3190
379 292 469 347 144
795 299 830 329 s.
872 296 1116 329 AL‘GUSTiNI
1151 297 1355 328 Eprscorr

376 371 478 417 ficio
509 368 670 414 divinae
701 382 748 411 ac
771 365 928 428 primae
957 363 1072 409 illius
1103 362 1364 409 conditionis
1399 362 1604 410 influxit:
1632 362 1747 409 unde
1812 367 1813 371 ’

373 440 444 486 vix
467 439 623 501 aliquis
647 435 823 480 fortasse
846 434 977 493 longa
1011 451 1052 479 se
1078 444 1122 479 et
1153 433 1350 479 districta
1372 450 1520 494 regens
1547 434 1747 498 philoso-
1811 446 1813 495 j
1837 430 1839 470 ἶ

371 511 504 575 phia,
524 519 566 554 et
588 505 802 571 paulatim
829 504 1103 550 nobilitatem
1127 505 1282 550 animae
1305 520 1394 550 suae
1417 504 1608 550 recolens
1623 541 1635 561 ‚
1661 522 1747 549 na-
1810 513 1813 556 j

375 592 520 626 turam
537 578 648 625 lucis
663 592 764 641 quae
785 575 831 620 in
850 592 892 620 se
918 584 980 620 est
998 573 1158 620 humili
1187 575 1295 619 huic
1330 585 1371 619 et
1404 575 1631 620 tenebroso
1654 573 1747 619 luto

376 654 612 710 conjuncta
631 685 642 704 ,
673 657 845 693 revocet
876 663 926 691 ac
962 644 1156 691 reflectat
1186 644 1241 690 ad
1277 645 1450 690 Deum:
1481 645 1550 691 vel
1573 646 1604 690 si
1635 656 1748 691 certe
1809 657 1812 706 g

376 720 572 785 propitio
588 722 682 764 Deo
702 727 825 777 agat,
850 728 1084 780 utrumque
1103 716 1265 779 pariter
1282 716 1530 771 revocabit3
1552 717 1587 762 si
1607 726 1747 762 tamen
1809 714 1812 728 ⁴

375 793 505 851 longa
539 801 580 835 et
616 788 785 834 assidua
824 787 1104 832 meditatione
1136 787 1350 832 insuescat
1380 803 1549 833 sursum
1580 803 1749 849 semper
1808 790 1811 832 ἐ

375 862 589 924 aspicere,
627 869 669 903 et
696 857 897 903 deorsum
931 857 1042 902 male
1075 857 1316 902 trahentem
1356 875 1404 903 ac
1443 857 1747 917 degravantem

374 931 600 978 materiam
614 928 787 974 sibimet
807 926 1028 973 astrictam
1042 926 1172 972 frenis
1187 927 1447 973 arctioribus
1465 928 1703 975 sublevare.
1730 948 1749 969 >³

377 1005 590 1063 Agnosce,
609 999 672 1044 fili
689 999 713 1043 J
719 998 881 1057 uliane,
901 1015 1110 1044 consonas
1128 998 1366 1043 catholicas
1380 1016 1528 1055 voces,
1550 1010 1592 1044 et
1611 998 1667 1044 ab
1690 997 1749 1043 eis

375 1073 519 1119 desine
551 1071 782 1116 dissonare.
820 1069 933 1114 Cum
967 1068 1076 1114 dicit
1110 1068 1262 1114 beatus
1287 1069 1520 1129 Gregorius
1547 1087 1558 1114 2
1591 1069 1749 1113 «Intra

373 1143 657 1205 nosmetipsos
681 1138 870 1203 propriis
892 1138 1007 1184 vitiis
1025 1156 1075 1184 ac
1104 1139 1380 1202 passionibus
1409 1140 1745 1202 impugnamur,

374 1225 417 1260 et
440 1214 510 1259 die
532 1222 753 1274 noctuque
773 1210 917 1270 ignitis
943 1209 1129 1255 stimulis
1150 1210 1345 1273 corporis
1369 1210 1632 1256 humilitatis
1657 1210 1749 1256 bu-

366 1289 440 1346 jus
468 1295 510 1331 et
539 1282 735 1346 corporis
764 1281 914 1326 mortis
936 1297 1139 1340 urgemur
1163 1298 1172 1325 :
1193 1301 1214 1322 >³
1239 1281 1488 1344 baptizatus
1525 1281 1744 1345 loquitur,

374 1357 427 1402 de
457 1353 689 1419 baptizatis
717 1351 927 1415 loquitur.
962 1351 1074 1396 Cum
1100 1350 1206 1396 dicit
1233 1368 1243 1395 ε
1274 1372 1293 1391 «
1316 1353 1428 1411 Lege
1451 1352 1620 1414 peccati
1650 1368 1749 1415 quae

373 1437 435 1473 est
457 1426 502 1472 in
528 1422 734 1470 membris
754 1422 910 1467 nostris
934 1421 1019 1480 legi
1038 1421 1214 1483 spiritus
1232 1433 1500 1483 repugnante
1521 1440 1531 1466 ε
1555 1444 1575 1464 ›>
1595 1422 1749 1486 bapti-

371 1507 492 1542 zatus
512 1494 731 1557 loquitur‚
759 1492 811 1536 de
833 1491 1066 1554 baptizatis
1082 1491 1125 1536 lo
1161 1493 1292 1537 uitur.
1318 1492 1666 1539 Christianorum
1688 1505 1750 1539 est

372 1568 452 1614 ista
473 1582 623 1630 pugna
647 1562 866 1617 fidelium,
896 1579 983 1607 non
1009 1509 1252 1606 infidelium
1278 1561 1550 1610 Judaeorum.
1581 1564 1718 1610 Crede
1734 1602 1745 1621 ‚

371 1639 407 1684 si
430 1654 518 1683 non
542 1650 740 1698 pugnas3
765 1648 945 1691 agnosce
967 1667 977 1686 ,
1001 1630 1035 1675 si
1053 1648 1245 1693 pugnas,
1275 1642 1316 1676 et
1337 1631 1416 1676 ista
1438 1650 1588 1695 pugna
1612 1634 1748 1680 rebel-

370 1709 455 1755 lem
471 1721 647 1770 quoque
665 1703 912 1767 superbiam
934 1701 1154 1761 Pelagiani
1172 1702 1325 1747 erroris
1342 1719 1553 1766 expugna.
1578 1709 1602 1750 J
1606 1722 1749 1751 ain-ne

371 1777 577 1826 discernis
592 1813 603 1832 ,
622 1780 796 1836 jam-ne
812 1773 1022 1837 perspicis
1038 1809 1048 1828 ,
1066 1775 1229 1832 jam-ne
1254 1773 1468 1837 resipiscis
1486 1811 1498 1831 ,
1519 1786 1560 1835 et
1577 1776 1621 1821 in
1639 1777 1746 1840 bap-

370 1852 540 1897 tismate
558 1847 650 1893 fieri
675 1846 872 1891 omnium
907 1843 1201 1889 remissionem
1237 1856 1514 1907 peccatorum
1535 1884 1545 1903 ‚
1572 1858 1613 1893 et
1646 1865 1747 1894 cum

368 1919 600 1985 baptizatis
624 1916 746 1980 quasi
771 1915 897 1961 civile
915 1914 1081 1960 bellum
1102 1915 1356 1960 interiorum
1377 1933 1596 1963 remanere
1615 1919 1749 1965 vitio*

369 1994 497 2038 rum?
529 1990 629 2035 Non
652 1987 766 2032 enim
801 1985 904 2030 talia
941 1994 1039 2029 sunt
1059 1985 1185 2041 vitia,
1217 2002 1315 2048 quae
1341 1990 1433 2045 jam
1472 1999 1652 2049 peccata
1675 1989 1748 2035 di-

370 2061 506 2109 cenda
539 2059 623 2104 sint
642 2094 652 2113 ,
678 2057 712 2102 si
737 2056 791 2102 ad
822 2055 975 2101 illicita
1000 2074 1129 2119 opera
1158 2056 1360 2119 spiritum
1393 2060 1748 2123 concupiscentia

368 2151 459 2180 non
483 2130 627 2176 trahat
644 2139 685 2173 et
709 2126 931 2189 concipiat
953 2127 1181 2189 pariatque
1205 2138 1449 2190 peccatum.
1489 2129 1578 2174 Nec
1603 2140 1748 2176 tamen

369 2215 483 2250 extra
505 2217 582 2246 nos
600 2208 726 2253 sunt,
748 2197 911 2260 quibus
937 2197 1162 2242 vincendis
1181 2235 1191 2250 ‚
1219 2214 1318 2242 cum
1343 2198 1388 2243 in
1407 2199 1493 2244 hoc
1515 2202 1748 2247 certamine

368 2272 646 2337 proficienter
675 2268 923 2312 laboramus
941 2305 952 2323 ‚
990 2267 1241 2313 instandum
1284 2278 1342 2312 est
1384 2286 1394 2312 ε
1434 2280 1581 2315 nostra
1615 2282 1714 2316 sunt
1733 2309 1743 2327 ,

367 2343 582 2408 passiones
600 2350 699 2384 sunt
715 2374 726 2392 ,
747 2338 851 2383 vitia
869 2348 970 2382 sunt
984 2375 994 2393 ‚
1016 2337 1243 2393 frenanda,
1265 2338 1532 2395 cohibenda,
1555 2341 1746 2388 sananda

366 2424 467 2460 sunt
489 2429 500 2456 ι
527 2409 597 2456 scd
621 2408 727 2453 dum
750 2418 958 2453 curantur
976 2408 1128 2453 infesta
1149 2417 1261 2453 sunt.
1296 2408 1349 2451 Et
1371 2408 1405 2453 si
1424 2409 1548 2454 nobis
1570 2410 1625 2456 ad
1650 2429 1740 2457 me-

365 2487 472 2532 liora
494 2478 829 2545 proficientibus
848 2514 859 2533 ,
893 2478 1025 2537 magis
1048 2478 1269 2540 magisque
1293 2478 1577 2534 minuuntur3
1599 2491 1745 2527 tamen

365 2556 472 2603 dum
502 2550 578 2597 hic
610 2548 803 2603 vivitur,
847 2563 932 2592 esse
967 2564 1054 2592 non
1087 2546 1304 2593 desinunt.
1339 2548 1596 2596 Discedente
1635 2550 1742 2597 hinc

365 2625 507 2674 anima
522 2616 594 2684 pia
612 2616 822 2683 peribunt
840 2653 851 2675 ,
875 2617 920 2663 in
940 2626 1182 2677 resurgente
1204 2632 1386 2681 corpore
1406 2635 1492 2665 non
1515 2619 1736 2670 redibunt.
