1843 3190
354 255 444 302 250
552 296 559 299 .
773 270 806 299 5.
852 268 1097 298 10511511111
1132 267 1336 297 El‘tscot’t

354 337 476 385 lucru
485 355 525 383 m
541 336 771 399 sagacitate
784 345 1015 391 sectentur,
1031 345 1072 380 et
1089 333 1327 398 prudenter
1340 331 1497 378 damna
1511 332 1719 390 devitent,

352 426 483 472 quam
510 408 689 452 timeant
720 406 979 469 plerumque
1002 405 1137 451 aliena
1169 404 1383 466 diripere,
1413 414 1455 448 et
1489 403 1722 466 aliquando

355 496 427 523 sua
441 478 523 522 sibi
543 477 687 522 ablata
709 486 1008 531 contemnant,
1029 493 1081 520 ne
1095 474 1328 538 repetendo
1342 484 1383 518 et
1396 473 1607 533 litigando
1625 473 1725 537 plus

353 547 539 611 perdant
562 564 572 591 t
596 557 709 591 recte
733 546 942 591 admoniti
966 562 1112 591 sumus
1129 546 1189 590 sic
1211 561 1353 590 amare
1377 544 1650 606 sapientiam,
1677 554 1725 589 ut

355 636 445 663 eam
472 617 597 663 nobis
622 617 914 662 thezaurizare
948 616 1190 662 avidissime
1228 615 1457 678 cupiamus
1476 650 1486 670 ,
1525 625 1654 677 atque
1677 626 1726 659 ut

355 689 482 734 nobis
516 689 651 747 magis
686 687 907 750 magisque
941 687 1208 750 acquiratur,
1242 703 1321 731 nee
1354 685 1497 748 aliqua
1531 702 1578 729 ex
1602 695 1726 748 parte

357 760 595 814 minuatur,
623 769 664 802 et
687 757 953 820 perferamus
976 757 1215 812 molestias,
1249 767 1290 800 et
1315 755 1518 800 libidines
1538 755 1730 800 refrene-

358 845 477 884 111115,
513 839 554 872 et
588 828 903 890 prospiciamus
925 827 970 872 in
996 837 1219 890 posterum
1235 862 1245 878 ‚
1271 836 1312 871 et
1336 825 1628 870 innocentiam
1649 825 1732 870 be-

358 899 718 960 neficentiamque
735 915 962 944 servemus.
992 897 1124 954 Quod
1146 914 1245 942 cum
1264 896 1468 950 facimus,
1494 895 1591 940 ideo
1614 912 1732 941 veras

357 970 536 1015 virtutes
562 968 797 1025 hahemus,
820 969 923 1032 quia
940 985 1088 1014 verum
1113 978 1174 1013 est
1190 978 1371 1031 propter
1386 965 1508 1030 quod
1527 966 1728 1024 facimus,

355 1039 401 1086 id
424 1050 508 1095 est,
532 1039 618 1085 hoc
646 1050 812 1084 naturae
835 1049 995 1085 nostrae
1024 1049 1359 1084 consentaneum
1382 1047 1443 1082 est
1469 1036 1522 1081 ad
1555 1036 1734 1083 salutem

358 1121 399 1155 et
422 1127 567 1155 veram
594 1109 853 1155 felicitatem.

424 1181 544 1227 XIX.
589 1182 687 1225 Non
711 1180 825 1225 enim
851 1180 1036 1226 absurde
1072 1180 1209 1225 virtus
1241 1178 1420 1224 definita
1452 1188 1543 1233 est,
1585 1177 1641 1222 ab
1675 1176 1734 1222 eis

358 1250 435 1313 qui
459 1250 657 1295 dixerunt
685 1268 695 1294 ε
722 1249 868 1295 Virtus
901 1261 963 1295 est
995 1250 1129 1295 animi
1151 1250 1355 1305 habitus,
1393 1259 1569 1294 naturae
1602 1246 1734 1292 modo

360 1332 487 1383 atque
515 1320 672 1365 rationi
709 1330 1030 1366 consentaneus.
1062 1321 1222 1365 Verum
1257 1319 1485 1374 dixerunt,
1516 1318 1588 1364 sed
1625 1316 1734 1380 quid

359 1391 415 1435 sit
434 1400 769 1435 consentaneum
786 1389 1027 1435 liberandae
1043 1408 1091 1435 ae
1110 1390 1417 1435 beatificandae
1434 1400 1604 1434 naturae
1624 1403 1734 1432 mor·

360 1460 512 1505 talium
540 1460 795 1506 nescierunt.
828 1461 977 1523 Neque
997 1461 1113 1506 enim
1139 1477 1286 1505 omnes
1318 1460 1515 1505 homines
1542 1457 1731 1504 naturali

359 1530 569 1576 instinctu
591 1530 857 1575 immortales
878 1541 919 1575 et
937 1531 1054 1576 beati
1073 1548 1159 1576 esse
1176 1531 1381 1576 vellemus
1397 1567 1407 1585 ‚
1432 1530 1510 1575 nisi
1532 1547 1618 1575 esse
1634 1545 1735 1591 pos-

361 1617 513 1646 semus.
541 1599 622 1644 Sed
641 1601 727 1645 hoe
745 1617 963 1645 summum
981 1600 1146 1646 bonum
1166 1600 1365 1663 praestaii
1378 1599 1631 1645 hominibus
1649 1615 1737 1644 11011

361 1680 526 1733 potest,
556 1670 637 1714 nisi
676 1688 753 1732 per
793 1670 1018 1715 Christum
1057 1682 1098 1716 et
1135 1671 1257 1715 hune
1291 1671 1737 1729 crucifixun1‚cujus

362 1751 500 1786 morte
523 1757 638 1785 mors
662 1741 868 1796 vincitur,
893 1744 1017 1800 cujus
1045 1741 1298 1787 vulneribus
1318 1751 1474 1785 natura
1501 1750 1646 1785 nostra
1667 1757 1737 1784 sa-

362 1822 506 1858 na.tur
533 1832 552 1851 a
572 1810 829 1870 Ideojustus
852 1829 898 1857 ex
920 1811 1004 1857 fide
1026 1812 1194 1858 Christi
1213 1811 1367 1858 vix-,it1
1397 1834 1416 1853 »
1441 1813 1500 1856 Ex
1524 1811 1608 1856 hac
1623 1810 1736 1855 enim

363 1881 449 1926 fide
491 1880 747 1944 prudenter
787 1882 971 1938 fortiter,
1001 1893 1307 1945 temperanter,
1342 1892 1381 1927 et
1407 1885 1544 1941 J’uste‚
1581 1898 1630 1926 ac
1660 1897 1738 1944 per

363 1952 450 1997 hoc
471 1951 539 1996 his
558 1952 763 1997 omnibus
786 1953 894 1998 veris
913 1953 1149 1997 virtutibus
1163 1963 1276 1998 recte
1296 1952 1596 2015 sapienterque
1610 1951 1734 2007 vivit,

366 2022 467 2084 quia
488 2021 671 2066 fideliter
694 2022 815 2068 vivit.
842 2023 886 2067 Si
904 2039 1003 2082 ergo
1028 2021 1081 2066 ad
1100 2021 1445 2084 consequendam
1465 2038 1610 2066 veram
1629 2021 1737 2066 bea-

364 2091 594 2137 titudinem
610 2109 774 2155 ‚quam
793 2093 918 2137 nobis
934 2092 1221 2139 immortalem
1243 2092 1349 2138 fides
1368 2108 1467 2156 quae
1489 2091 1536 2136 in
1561 2091 1737 2136 Christo

366 2173 428 2208 est
459 2179 555 2206 vera
580 2162 824 2224 promittit
856 2163 967 2207 nihil
989 2174 1172 2225 prosunt
1190 2154 1361 2208 bomini
1385 2162 1592 2215 virtutes3
1618 2161 1738 2206 nullo

365 2232 495 2277 modo
520 2249 631 2277 telae
659 2244 840 2295 possunt
858 2250 943 2277 esse
961 2234 1152 2279 11Γ111105.
1190 2237 1256 2278 An
1278 2232 1421 2295 placet
1449 2232 1527 2277 tibi
1549 2242 1595 2277 ut
1620 2249 1738 2277 veras

365 2302 545 2347 virtutes
564 2318 793 2346 avarorum
817 2319 902 2347 esse
925 2301 1142 2358 dicamus,
1166 2319 1264 2347 cum
1283 2302 1503 2347 lucrorum
1529 2301 1616 2345 vias
1634 2317 1739 2363 pru—

367 2371 516 2416 denter
550 2373 816 2429 excogitant,
855 2388 955 2417 cum
992 2390 1073 2435 pro
1103 2371 1366 2434 acquirenda
1404 2371 1588 2434 pecunia
1626 2388 1739 2416 saeva

368 2452 497 2504 atque
523 2457 669 2502 aspera
693 2441 829 2486 multa
850 2441 1018 2487 fortiter
1038 2442 1247 2497 tolerant,
1275 2458 1375 2487 cum
1399 2441 1536 2486 varias
1560 2441 1739 2503 cupidi-

369 2521 475 2557 tates
507 2510 668 2574 quibus
699 2523 949 2576 sumptuose
983 2513 1161 2570 vivitur,
1192 2522 1482 2576 temperanter
1513 2512 1739 2577 sobrieque

417 2592 428 2614 ¹
448 2597 540 2627 Rom.
564 2605 594 2637 x,
619 2606 671 2635 17·

1816 3102 1829 3190 na:-
1815 3021 1819 3096 -.ἡ
