1843 3190
294 239 387 294 504
716 255 749 282 s,
797 254 1037 283 AL‘GL'STINI
1076 254 1277 283 Episcorl

299 340 319 360 »
346 330 387 364 et
415 318 468 364 ad
492 335 638 364 omnes
651 336 808 382 pueros
833 323 923 378 ejus
948 337 957 364 :
993 321 1104 365 Ecce
1123 319 1371 365 filiusmeus
1389 322 1465 384 qui
1496 322 1594 367 exiit
1618 321 1673 368 de

302 410 323 430 »
352 400 472 434 utero
495 406 588 433 meo
607 389 763 451 quaerit
783 389 971 434 animam
991 406 1125 434 meam
1143 427 1154 445 ‚
1175 401 1216 435 et
1238 390 1386 436 adhuc
1411 391 1540 436 modo
1560 392 1673 437 filius

301 476 322 497 »
347 459 550 505 Gemini?
581 459 716 503 Sinite
756 459 903 513 illum,
934 459 1190 515 maledicat,
1229 461 1436 523 quoniam
1475 461 1582 506 dixit
1611 461 1674 506 illi

301 552 319 570 η
344 529 583 583 Dominus,
621 539 669 573 ut
704 529 846 574 videat
874 530 1083 574 Dominus
1116 529 1409 576 humilitatem
1439 548 1604 585 meam,
1633 541 1676 589 et

300 621 320 640 »
343 599 556 644 retribuat
587 599 693 644 mihi
721 600 835 644 bona
864 616 944 661 pro
975 599 1206 644 maledicto
1226 603 1315 658 ejus
1335 601 1379 645 in
1405 600 1474 646 die
1499 601 1579 646 isto
1591 599 1625 647 1.
1654 621 1675 642 ³>

300 668 534 725 Quomodo
560 669 712 714 dixerit
734 670 945 714 Dominus
968 669 1075 714 huie
1104 670 1271 714 homini
1302 670 1557 716 maledicere
1583 671 1676 715 Da-

300 738 374 783 vid
391 776 401 793 ‚
429 739 526 800 quis
551 736 718 800 sapiens
735 749 775 783 et
800 738 1034 797 intelliget?
1064 740 1160 783 Non
1187 740 1299 783 enim
1321 739 1518 798 jubendo
1540 740 1672 796 dixit,

302 809 380 854 ubi
404 808 650 853 obedientia
667 808 938 861 laud-aretum
957 808 1029 853 sed
1048 809 1166 872 quod
1184 812 1274 867 ejus
1287 810 1555 855 voluntatem
1575 826 1676 873 pro-

300 878 397 941 prio
424 878 528 923 vitio
552 895 628 923 suo
654 878 811 923 malam
834 879 879 924 in
904 878 991 924 hoc.
1010 889 1238 941 peecatum
1264 879 1436 937 judicio
1460 897 1536 925 suo
1558 883 1677 939 justo

302 958 343 992 et
367 947 539 993 occulto
559 947 809 1004 inclinavit,
838 948 936 993 ideo
962 948 1129 994 dictum
1155 960 1215 994 est
1239 967 1249 994 z
1274 970 1294 990 α
1320 950 1434 995 Dixit
1458 951 1496 995 ei
1517 950 1677 995 Domi-

304 1039 326 1060 »
346 1034 440 1064 nus.
466 1039 486 1059 >³
518 1019 627 1063 Nam
654 1019 689 1063 si
707 1019 882 1078 jubenti
915 1019 1255 1082 obtemperasset
1283 1020 1373 1065 Deo
1393 1057 1403 1075 ‚
1431 1019 1680 1066 laudandus

302 1089 449 1152 potius
474 1106 604 1151 quam
630 1090 878 1153 puniendus
899 1100 1027 1145 esset,
1057 1091 1169 1135 sicut
1188 1108 1234 1135 ex
1258 1090 1344 1136 hoc
1368 1101 1550 1154 peccato
1574 1108 1681 1154 pos-

305 1171 372 1204 tea
396 1160 596 1205 novimus
626 1178 712 1206 esse
732 1161 955 1223 punitum.
987 1162 1076 1206 Nec
1112 1178 1241 1206 causa
1268 1162 1397 1207 tacita
1428 1173 1516 1217 est,
1543 1178 1623 1207 cur
1644 1161 1683 1206 ei

304 1230 518 1275 Dominus
547 1230 627 1275 isto
657 1231 788 1276 modo
818 1231 971 1276 dixerit
995 1231 1250 1277 maledicere
1276 1231 1443 1287 David,
1474 1232 1561 1277 hoc
1592 1241 1679 1287 est,

306 1316 380 1344 cor
403 1303 492 1359 ejus
518 1300 680 1345 malum
705 1301 749 1345 in
776 1302 865 1346 hoc
896 1312 1126 1364 peccatum
1159 1302 1322 1347 miserit
1347 1302 1413 1347 vel
1435 1302 1646 1347 dimiserit
1669 1319 1680 1346 ε

305 1391 325 1410 «
351 1371 409 1415 Ut
432 1370 596 1426 videat,
619 1371 785 1434 inquit,
810 1372 1019 1417 Dominus
1042 1372 1335 1417 humilitatem
1362 1389 1502 1417 meam
1519 1409 1530 1428 ‚
1552 1383 1594 1417 et
1616 1389 1686 1417 re-

308 1462 328 1481 »
354 1440 519 1486 tribuat
538 1442 646 1487 mihi
667 1443 783 1488 bona
799 1461 881 1506 pro
902 1443 1133 1488 maledicto
1151 1447 1241 1503 ejus
1259 1444 1304 1488 in
1321 1443 1389 1489 die
1410 1444 1506 1490 isto.
1533 1466 1552 1484 ›>
1575 1445 1688 1489 Ecce

310 1511 532 1573 quomodo
554 1513 788 1575 probatur,
818 1515 955 1559 Deum
983 1515 1045 1559 uti
1075 1514 1286 1559 cordibus
1317 1517 1445 1559 etiam
1472 1515 1687 1560 malorum

310 1581 365 1626 ad
397 1581 570 1628 laudem
608 1594 736 1646 atque
774 1584 1073 1644 adjumentum
1112 1586 1344 1631 bonorum.
1393 1585 1466 1630 Sic
1505 1602 1606 1631 usus
1628 1595 1689 1630 est

309 1650 425 1696 Juda
457 1652 651 1698 tradente
672 1654 893 1700 Christum
909 1693 919 1709 ,
950 1655 1009 1701 sic
1035 1673 1134 1701 usus
1157 1666 1218 1700 est
1242 1655 1405 1701 Judaeis
1433 1655 1689 1715 crucifigen-

310 1722 428 1767 tibus
457 1722 697 1769 Christum.
741 1726 795 1769 Εἰ
823 1736 985 1787 quanta
1020 1727 1124 1771 inde
1145 1727 1261 1770 bona
1284 1726 1487 1789 praestitit
1515 1725 1691 1788 populis

314 1791 571 1838 credituris?
593 1794 681 1850 Qui
704 1805 743 1839 et
767 1795 861 1857 ipso
889 1795 1065 1841 diabolo
1104 1797 1242 1841 utitur
1266 1796 1449 1859 pessimo
1465 1832 1476 1852 ‚
1514 1796 1587 1841 sed
1613 1813 1691 1858 op-

310 1861 436 1917 time,
475 1862 529 1907 ad
559 1864 839 1910 exercendam
870 1877 911 1910 et
938 1866 1216 1929 probandam
1250 1866 1381 1912 fidem
1417 1876 1459 1911 et
1486 1866 1690 1929 pietatem

312 1932 482 1977 bonoru
493 1950 531 1977 m
548 1970 558 1987 ‚
586 1951 675 1979 11011
703 1935 786 1980 sibi
805 1972 815 1990 ‚
839 1937 914 1998 qui
939 1937 1083 1981 onmia
1108 1937 1188 1981 scit
1210 1947 1441 1998 autequam
1461 1936 1593 1991 fiant,
1618 1933 1692 1980 sed

316 2002 442 2047 nobis
458 2040 467 2057 ‚
488 2004 646 2065 quibus
661 2017 751 2050 erat
775 2007 1060 2052 necessarium
1077 2044 1086 2055 ,
1109 2017 1156 2051 ut
1176 2023 1224 2051 eo
1242 2006 1371 2051 modo
1393 2016 1588 2065 ageretur
1608 2022 1693 2050 no-

316 2072 502 2118 biscum.
545 2074 773 2136 Numquid
811 2093 900 2120 non
941 2093 1016 2121 sua
1047 2075 1270 2122 voluntate
1308 2074 1539 2120 Abessalon
1569 2074 1695 2134 elegit

318 2143 549 2189 consilium
574 2144 693 2207 quod
724 2145 807 2190 sibi
831 2146 1009 2191 oberat?
1044 2148 1100 2191 Et
1126 2158 1269 2191 tamen
1305 2145 1403 2190 ideo
1437 2144 1564 2201 feeit,
1592 2145 1696 2210 quia

318 2213 564 2259 exaudierat
592 2216 803 2261 Dominus
835 2219 925 2275 ejus
946 2228 1114 2279 patrem
1138 2227 1331 2261 orantem
1348 2253 1359 2271 ‚
1384 2225 1432 2260 ut
1449 2215 1535 2260 boc
1553 2216 1687 2261 fieret.

320 2287 506 2347 Propter
521 2285 643 2348 quod
664 2286 890 2350 Scriptura
908 2288 965 2332 ait
988 2305 998 2332 ε
1022 2308 1041 2328 «
1058 2288 1114 2332 Et
1132 2287 1347 2332 Dominus
1363 2286 1586 2331 mandavit
1603 2285 1696 2330 dis-

319 2376 339 2396 »
367 2355 508 2419 sipare
533 2357 762 2402 consilium
797 2357 1069 2421 Achitophel
1097 2357 1263 2403 bonum
1282 2393 1293 2413 ,
1317 2368 1366 2402 ut
1387 2356 1571 2402 inducat
1599 2357 1696 2401 Do-

320 2448 340 2468 »
366 2427 507 2473 minus
527 2444 656 2491 super
686 2428 920 2474 Abessalon
949 2430 1094 2475 onmia
1128 2428 1291 2474 mala2.
1318 2449 1336 2469 »
1363 2432 1533 2473 Bonum
1552 2427 1697 2473 consi-

319 2496 428 2545 lium
452 2499 586 2555 dixit,
619 2497 740 2562 quod
771 2499 824 2543 ad
854 2509 1024 2563 tempus
1057 2499 1263 2563 proderat
1285 2516 1428 2545 causae
1445 2535 1457 2556 ,
1484 2498 1587 2562 quia
1616 2514 1697 2562 pro

372 2583 380 2604 ¹
402 2594 419 2614 2
435 2585 593 2623 Regni,
612 2591 664 2612 11.
679 2597 722 2604 —
741 2578 821 2612 ²1d.
839 2591 917 2620 :iv-1,
940 2587 993 2618 143
