1843 3190
322 340 454 372 menn
487 340 545 372 nn
578 340 742 372 enarra
770 339 823 371 m·
857 337 1019 372 manno
1054 337 1282 374 Annrrmo.
1399 326 1494 386 463

125 404 321 451 nondum
350 422 392 451 se
425 422 512 451 esse
538 404 780 469 perfectum
803 442 815 462 ,
860 406 993 469 paulo
1034 417 1134 470 post
1166 408 1224 453 ait
1252 426 1263 454 :
1292 429 1313 450 «
1345 409 1492 464 Quot·-

128 497 150 517 ›>
172 486 281 538 quot
304 492 406 535 ergo
422 476 604 539 perfecti
626 476 713 522 hoc
731 476 1001 539 sapiamus1;
1020 499 1041 518 »
1063 477 1108 524 id
1133 489 1217 535 est,
1240 479 1300 524 ita
1316 497 1392 526 nos
1408 499 1496 528 esse

128 545 341 609 perfectos
355 582 366 602 ‚
389 557 438 591 ut
457 546 653 591 nondum
678 546 732 591 ad
751 545 1059 609 perfectionem
1077 564 1178 611 quae
1197 550 1323 595 nohis
1340 551 1499 598 sufficit

128 615 370 662 venerimus
385 651 396 670 ,
418 615 712 678 continuoque
727 616 949 675 subJ'unxit
970 633 980 660 z
1001 636 1021 656 «
1042 618 1096 661 Et
1111 618 1144 662 si
1162 619 1270 680 quid
1292 620 1415 665 aliter
1434 637 1498 667 sa-

135 706 153 726 u
176 684 306 747 pitis,
339 685 426 730 hoc
452 701 628 748 quoque
646 685 772 732 vobis
797 683 913 730 Deus
938 685 1168 740 revelabit3
1203 702 1501 737 verumtamen

131 775 153 797 >7
175 754 222 800 in
242 754 362 817 quod
377 755 652 818 pervenimus
668 790 679 811 ‚
701 755 747 800 in
765 771 816 800 eo
829 755 1147 804 ambulemus2.
1176 778 1197 798 »
1220 759 1502 807 Ambulando'

131 823 299 886 quippe
320 824 366 869 in
389 823 511 887 quod
539 824 849 902 pervenimus,
885 835 928 870 et
956 841 1044 888 quo
1070 826 1267 872 nondum
1298 831 1504 892 perveni«-

132 909 230 939 mus
251 895 476 972 pervenire
507 895 770 972 poterimus,
802 895 893 940 Deo
929 895 1057 940 nobis
1091 897 1305 944 revelante
1336 900 1370 944 si
1394 900 1503 963 quid

134 963 256 1010 aliter
278 965 495 1026 sapimus,
519 964 554 1010 si
571 982 619 1010 ea
640 980 741 1028 quae
753 968 846 1024 jam
862 965 1066 1011 revelavit
1083 982 1170 1012 non
1187 968 1499 1033 relinquamus,

200 1035 259 1081 ΙΙ.
300 1034 525 1081 Revelavit
539 1046 680 1081 autem
698 1036 824 1081 nobis
841 1051 918 1098 per
930 1036 1178 1098 Scripturas
1194 1055 1289 1084 suas
1311 1051 1499 1096 sanctas,

134 1120 222 1149 esse
245 1104 292 1149 in
312 1104 491 1150 homine
518 1104 706 1150 liberum
733 1105 969 1152 voluntatis
990 1107 1235 1154 arbitrium.
1270 1109 1506 1164 Quomodo

136 1184 280 1220 autem
305 1174 583 1232 revelaverit,
620 1190 912 1221 commemoro
950 1191 1050 1230 vos,
1085 1194 1171 1222 non
1195 1178 1390 1225 humano
1415 1180 1507 1225 elo-

136 1245 264 1307 quin,
295 1243 370 1290 sed
396 1245 560 1292 divino.
594 1247 792 1290 Primum
810 1282 820 1300 ‚
858 1246 959 1308 quia
997 1246 1091 1309 ipsa
1115 1247 1260 1293 divina
1284 1259 1508 1312 praecepta

136 1314 309 1360 homini
334 1331 424 1360 non
442 1314 698 1378 prodessent
717 1353 728 1372 ,
755 1315 838 1361 nisi
860 1316 1043 1361 haberet
1063 1316 1251 1362 liberum
1278 1319 1512 1365 voluntatis

139 1384 392 1442 arbitrium,
418 1402 508 1448 quo
529 1402 577 1431 ea
603 1385 763 1431 faciens
789 1386 845 1431 ad
872 1386 1080 1449 promissa
1102 1388 1284 1449 praemia
1305 1390 1511 1451 perveni-

138 1463 218 1501 ret.
249 1453 354 1499 Ideo
376 1456 489 1500 enim
515 1456 614 1501 data
637 1466 737 1501 sunt
752 1491 763 1509 ‚
798 1465 846 1501 ut
872 1456 1006 1501 homo
1026 1457 1342 1502 exeusationem
1369 1458 1422 1504 de
1444 1459 1512 1518 ig-

139 1525 342 1570 norantia
363 1542 452 1571 non
470 1525 679 1572 haberet:
707 1527 819 1572 sicut
845 1527 1057 1572 Dominus
1081 1526 1188 1573 dicit
1211 1528 1255 1573 in
1276 1529 1512 1588 Evangelio

142 1594 197 1641 de
220 1595 388 1641 Judaeis
415 1613 427 1641 ε
454 1617 474 1637 (ι
499 1597 545 1642 Si
582 1613 670 1642 non
702 1597 910 1643 venissem
942 1606 982 1642 et
1020 1597 1190 1643 locutus
1223 1598 1281 1643 eis
1307 1598 1480 1644 fuissem
1497 1636 1509 1656 ,

141 1686 164 1708 ιι
185 1675 414 1728 peccatum
450 1682 538 1711 non
573 1666 788 1712 haberent
822 1684 833 1711 ε
867 1683 986 1712 nunc
1021 1677 1164 1712 autem
1199 1669 1514 1714 excusationem

143 1755 168 1778 u
188 1752 278 1780 non
308 1735 477 1782 habent
497 1737 551 1782 de
572 1748 757 1800 peccato
784 1753 861 1783 suo
871 1737 903 1782 ¹⁹³.
922 1757 945 1778 »
972 1738 1036 1782 De
1060 1753 1147 1800 quo
1172 1748 1352 1801 peccato
1376 1739 1508 1797 dicit,

143 1805 226 1851 nisi
254 1805 310 1851 de
342 1805 417 1852 illo
449 1821 626 1866 magno,
664 1807 785 1871 quod
825 1807 1086 1870 praesciebat
1130 1824 1280 1853 eorum
1318 1809 1516 1855 futurum

145 1875 324 1939 quando
346 1876 425 1922 ista
449 1876 651 1933 dicebat,
682 1878 729 1923 id
754 1887 816 1923 est
832 1914 844 1933 9
873 1894 960 1940 quo
981 1894 1080 1922 eum
1104 1877 1277 1924 fuerant
1300 1881 1516 1926 occisuri?

145 1962 286 2010 neque
297 1947 410 1991 enim
422 1947 593 1993 nullum
608 1948 833 1994 habebant
850 1957 1081 2011 peccatum
1095 1985 1106 1998 ,
1122 1958 1351 2011 antequam
1372 1950 1522 1996 Chris-

147 2026 217 2062 tus
239 2016 422 2062 venisset
440 2017 486 2062 in
501 2034 627 2063 carne
645 2018 698 2064 ad
719 2035 803 2065 eos.
835 2020 943 2064 Item
961 2017 1070 2063 dicit
1094 2019 1328 2080 Apostolus
1351 2038 1362 2065 ε
1389 2041 1409 2062 α
1429 2022 1521 2067 Re-

148 2106 173 2129 »
191 2086 358 2132 velatur
380 2086 444 2131 ira
467 2088 547 2133 Dei
568 2088 622 2134 de
643 2089 757 2134 coelo
776 2090 822 2134 in
843 2106 1013 2134 omnem
1037 2088 1301 2150 impietatem
1328 2101 1369 2135 et
1389 2091 1521 2150 injus-

149 2176 171 2197 »
195 2155 335 2200 titiam
362 2155 593 2202 hominum
626 2176 805 2211 eorum,
841 2159 916 2221 qui
958 2158 1178 2204 veritatem
1215 2159 1259 2204 in
1295 2159 1523 2223 iniquitate

151 2246 173 2268 n
196 2225 392 2270 detinent
421 2243 432 2270 :
463 2227 566 2289 quia
595 2227 713 2291 quod
745 2239 897 2274 notum
931 2237 992 2273 est
1025 2228 1130 2283 Dei,
1162 2229 1436 2275 manifestum
1462 2242 1525 2277 est

149 2316 172 2338 n
194 2296 241 2340 in
264 2295 374 2349 illis;
402 2297 516 2341 Deus
544 2298 658 2342 enim
694 2297 778 2343 illis
805 2297 1110 2343 manifestavit.
1148 2297 1387 2344 Invisibilia
1410 2301 1525 2346 enim

153 2383 175 2406 >³
197 2367 289 2423 ejus
312 2382 334 2409 a
354 2375 549 2411 creatura
566 2367 718 2412 mundi
737 2384 814 2430 per
841 2385 888 2412 ea
913 2384 1013 2429 quae
1028 2366 1141 2411 facta
1161 2378 1283 2422 sunt,
1308 2368 1526 2416 intellecta

151 2453 173 2476 2>
197 2434 551 2496 conspiciuntur,
574 2437 832 2499 sempiterna
858 2453 1032 2499 quoque
1055 2436 1191 2482 virtus
1221 2442 1310 2496 ejus
1332 2455 1380 2483 ac
1409 2439 1527 2485 divi-

156 2526 177 2546 »
201 2503 311 2548 nitas
330 2540 341 2559 ,
362 2515 410 2550 ut
435 2506 518 2551 sint
538 2506 891 2554 inexcusabiles&
915 2528 936 2548 >2
958 2506 1192 2563 Quomodo
1219 2507 1324 2553 dicit
1349 2509 1528 2555 inexcu-

147 2573 338 2632 sabiles,
365 2575 445 2621 nisi
464 2574 518 2621 de
540 2576 613 2622 illa
637 2578 907 2623 excusatione
934 2593 1021 2640 qua
1043 2577 1148 2622 solet
1171 2576 1312 2622 dicere
1335 2577 1529 2627 humana

208 2655 353 2701 xrhilip.
367 2667 420 2702 m,
438 2659 492 2694 15.
508 2656 679 2694 —21bid.
703 2660 754 2692 16.
774 2677 817 2686 ·—
830 2657 845 2684 ³
863 2661 958 2694 Joan.
973 2670 1028 2704 m,
1044 2668 1098 2693 22.
1115 2676 1159 2683 -
1177 2655 1192 2683 4
1205 2660 1302 2694 Rom.
1319 2671 1342 2699 1,
1364 2662 1416 2695 18.
