1843 3190
328 209 422 262 460
487 223 523 253 s.
566 217 812 251 mensum
846 217 1050 249 EPISCOPI
1086 218 1270 250 CONTRA
1313 216 1558 261 summum,
1605 220 1701 253 mc·

329 309 350 328 ))
376 304 460 350 que
483 285 695 349 baptizati
719 300 867 329 sumus
891 283 935 328 in
963 283 1138 329 Christo
1161 284 1263 329 Jesu
1280 320 1292 339 ‚
1331 284 1376 329 in
1406 294 1544 330 morte
1573 285 1710 349 ipsius

328 377 352 400 ³>
376 356 584 419 baptizati
599 371 747 400 sumus
760 353 803 410 1;
823 374 841 394 >2
856 364 904 398 ut
923 353 1209 399 existimemus
1226 370 1303 398 nos
1318 364 1512 399 mortuos
1530 355 1708 418 quidem

330 444 418 472 esse
436 436 635 489 peccato,
665 424 806 468 vivere
844 434 986 468 autem
1031 425 1120 468 Deo
1146 424 1190 468 in
1227 423 1404 468 Christo
1442 424 1542 469 Jesu
1572 442 1711 471 :cum

332 497 414 542 t'hi
432 497 579 541 dicant
604 496 816 557 Martyres
835 494 869 545 2,
895 493 1146 539 Secundum
1180 493 1317 538 Adam
1338 493 1566 539 carnaliter
1589 505 1713 541 natos

335 567 581 626 contagium
604 565 751 609 mortis
793 563 984 626 antiquae
1010 565 1151 627 prima
1175 564 1399 609 nativitate
1434 565 1708 620 contrahere,

334 637 450 683 unde
475 635 670 699 parvulis
690 634 970 679 dimittantur
989 634 1032 679 in
1050 634 1285 697 baptismo,
1314 651 1400 678 non
1423 635 1622 697 propria,
1638 635 1712 681 sed

336 708 472 752 aliena
488 720 665 768 peccata
685 722 695 748 ε
715 721 816 749 cum
832 704 913 748 tibi
928 703 1076 750 dicant
1092 704 1361 758 Sacerdotes,
1379 704 1540 750 carnali
1557 705 1713 768 volup-

338 787 424 821 tate
448 785 673 820 concretos
692 774 814 835 prius
837 773 983 818 subire
1003 773 1264 818 delictorum
1287 774 1555 832 contagium,
1580 791 1714 838 quam

343 846 444 891 vitae
462 845 594 903 hujus
609 843 784 887 haurire
805 859 963 887 munus
977 842 1009 888 3.
1035 843 1113 888 His
1138 853 1176 888 te
1197 842 1442 887 consociare
1460 845 1710 906 praesumis,

335 931 523 977 quorum
548 912 679 958 fidem
704 911 922 957 debellare
958 913 1144 959 conaris.
1178 911 1323 958 Audes
1352 912 1494 958 dicere
1511 950 1521 969 ‚
1548 914 1671 977 quod
1691 932 1716 960 a

339 985 689 1030 Manichaeorum
710 984 927 1029 consortio
946 984 1150 1040 vincaris,
1179 983 1254 1047 qui
1279 983 1551 1029 Manichaeos
1571 985 1716 1032 invic-

341 1066 404 1100 tos
426 1054 548 1107 facis,
564 1055 643 1099 nisi
668 1070 768 1099 cum
786 1054 844 1099 eis
861 1065 901 1099 et
922 1054 1014 1117 ipse
1037 1055 1236 1101 vincaris.
1271 1054 1465 1109 Falleris,
1490 1054 1571 1110 fili,
1594 1055 1718 1101 mise-

339 1126 536 1172 rabiliter
554 1124 729 1179 falleris,
753 1125 821 1170 vel
850 1136 960 1171 etam
988 1125 1296 1171 detestabiliter
1321 1124 1507 1170 falleris:
1540 1126 1717 1189 quando

340 1197 653 1243 animositatem
675 1213 762 1260 qua
789 1196 944 1242 teneris
967 1197 1144 1253 viceris,
1177 1207 1282 1242 tunc
1308 1195 1533 1242 veritatem
1556 1197 1719 1260 poteris

338 1278 482 1313 tenere
500 1284 587 1331 qua
605 1268 804 1314 vinceris.

388 1360 398 1382 ¹
418 1363 500 1392 Rom
539 1371 580 1397 vi,
602 1362 617 1391 3
637 1367 667 1392 et
690 1373 701 1392 1
714 1373 741 1393 1.
771 1381 812 1386 —
841 1360 856 1384 2
881 1360 1030 1406 Cyprian.
1055 1361 1146 1405 epist.
1165 1363 1219 1398 64.
1239 1361 1277 1393 ad
1295 1361 1419 1394 Fidum.
1439 1379 1481 1385 —
1501 1359 1516 1384 3
1532 1361 1720 1395 Ambrosius

335 1411 423 1444 libro
440 1413 480 1445 de
495 1415 699 1446 Sacramento
720 1421 899 1457 regenerat.
