1843 3190
296 320 470 353 CONTRA
503 319 729 354 JL‘LIANUM
767 317 1072 363 mmmmm,
1111 319 1200 352 mn.
1240 319 1301 351 w.
1376 302 1468 367 377

103 388 336 444 mundum,
357 386 725 453 quemadmodum
747 387 980 442 Dominus,
1003 386 1082 432 ubi
1106 386 1190 442 ait,
1211 407 1232 427 «
1257 386 1372 431 Ecce
1394 401 1473 431 ve-

104 481 125 501 »
137 460 414 523 nitprinceps
429 457 579 504 mundi
590 456 624 502 1.
643 478 662 498 »
676 458 775 502 Non
785 457 898 502 enim
916 456 1018 502 coeli
1035 467 1076 502 et
1091 467 1217 502 terrae
1228 466 1269 501 et
1278 454 1473 501 omnium

104 547 203 593 quae
229 547 304 593 per
342 529 560 583 Verbum,
586 527 674 573 hoc
698 538 786 582 θεῖ,
814 544 895 590 per
917 526 1119 572 eumdem
1147 528 1293 590 ipsum
1313 524 1471 570 Chris-

109 612 198 646 tum
223 602 334 647 {acta
359 610 473 654 sunt,
513 597 628 643 unde
657 598 870 660 scriptum
893 607 982 649 θεῖ,
1011 618 1030 638 α
1055 597 1247 642 Mundus
1277 613 1352 659 per
1375 611 1475 640 eum

107 693 128 713 ³>
151 670 292 716 factus
312 681 388 726 θεῖ,
411 668 656 732 principem
675 668 812 713 voluit
844 667 1026 727 intelligi
1047 666 1272 712 diabolum
1292 666 1309 694 ‘2
1329 683 1339 710 :
1358 687 1378 706 n
1403 663 1477 710 sed

107 741 219 786 sicut
235 740 401 786 dictum
424 750 502 794 θεῖ,
528 738 755 783 «Mundus
780 738 826 783 in
845 737 1036 797 maligno
1057 738 1222 800 positus
1246 745 1308 781 est
1325 735 1358 782 3.
1380 756 1400 776 >2
1425 735 1480 778 Et

106 811 280 865 iterum,
298 810 488 856 «Omnia
503 825 603 872 quae
623 808 669 853 in
683 807 848 853 mundo
870 817 986 863 sunt,
1005 807 1358 870 concupiscentia
1375 821 1477 850 car-

109 901 130 921 »
149 881 214 925 nis
229 890 313 935 est,
338 889 379 924 et
403 878 755 941 concupiscentia
773 844 1026 932 001110111111,
1050 887 1092 922 et
1111 877 1293 922 ambitio
1313 874 1478 926 saeculi,

110 972 131 992 ³>
153 967 254 1014 quae
272 967 360 995 non
378 959 439 994 θεῖ
464 967 486 994 a
507 950 659 1004 Patre,
687 948 760 993 sed
784 965 830 993 ex
866 947 1030 993 mundo
1072 958 1133 992 θεῖ
1151 946 1184 993 Δ.
1211 969 1232 988 n
1254 947 1352 992 Non
1369 945 1484 990 enim

111 1020 274 1067 coelum
299 1031 340 1065 et
362 1030 473 1065 terra
483 1036 572 1064 non
600 1029 700 1063 sunt
723 1037 745 1064 a
760 1019 888 1063 Patre
909 1034 986 1081 per
1005 1017 1186 1071 Filium;
1216 1027 1290 1062 aut
1308 1014 1477 1075 Angeli‚

111 1090 268 1146 sidera,
291 1090 486 1146 arbusta,
532 1088 733 1134 animalia
755 1088 953 1134 homines
985 1105 1072 1133 non
1096 1097 1196 1133 sunt
1217 1104 1239 1132 a
1261 1091 1385 1132 Patre
1408 1101 1487 1148 per

111 1160 289 1216 Filium,
316 1170 529 1223 quantum
553 1159 731 1221 quidem
756 1159 909 1203 attinet
944 1157 999 1202 ad
1033 1158 1172 1220 ipsam
1197 1156 1485 1202 substantiam

115 1247 199 1293 qua
232 1230 429 1275 homines
463 1239 588 1274 sunt:
619 1228 692 1274 sed
717 1227 871 1273 mundi
893 1227 1099 1291 princeps
1115 1237 1177 1272 est
1195 1225 1413 1281 diabolus,
1447 1233 1490 1269 et

114 1300 249 1346 mund
258 1318 304 1346 us
322 1301 368 1346 in
387 1299 577 1359 maligno
591 1299 758 1362 positus
775 1309 854 1354 θεῖ,
869 1315 1016 1343 011111οε
1034 1298 1185 1361 utique
1199 1297 1398 1342 homines
1413 1294 1490 1359 qui

115 1371 175 1417 rei
208 1381 308 1416 sunt
332 1370 622 1415 damnationis
645 1380 843 1424 aeternae,
867 1368 900 1413 si
926 1385 1015 1413 non
1035 1368 1136 1413 inde
1158 1367 1415 1421 liberentur,
1443 1375 1494 1410 ut

117 1458 205 1486 non
218 1444 310 1500 jam
334 1440 577 1503 pertineant
600 1438 655 1485 ad
685 1439 931 1502 principem
950 1448 1250 1501 peccatorum,
1277 1434 1495 1499 redempti

118 1528 167 1557 eo
191 1512 399 1571 sanguine
431 1510 508 1574 qui
548 1510 593 1556 in
616 1510 909 1556 remissionem
954 1508 1076 1554 fusus
1109 1519 1169 1554 est
1193 1518 1489 1571 peccatorum.

120 1581 235 1626 Huic
258 1598 356 1640 ergo
381 1580 563 1636 mundo,
586 1584 710 1640 cujus
730 1580 936 1643 princeps
956 1589 1017 1624 est
1031 1579 1083 1624 de
1108 1595 1196 1642 quo
1223 1579 1283 1623 ait
1295 1577 1373 1641 qui
1389 1576 1498 1622 vicit

120 1651 337 1697 mundum
356 1689 367 1708 ‚
391 1672 412 1692 «
435 1652 548 1697 Eece
566 1651 685 1696 venit
713 1651 919 1714 princeps
945 1649 1126 1705 mundi,
1160 1659 1202 1694 et
1223 1649 1269 1694 in
1293 1665 1362 1693 me
1385 1646 1499 1692 nihil

123 1744 145 1765 ›>
166 1723 354 1769 inveniet
378 1721 396 1751 5
419 1740 430 1767 ε
453 1743 473 1764 >)
487 1722 613 1778 111110,
634 1722 833 1785 inquam,
856 1720 1022 1766 mundo
1041 1720 1232 1766 nascitur
1251 1719 1404 1773 homo,
1425 1717 1500 1763 do-

127 1809 207 1837 nec
229 1803 483 1837 renascatur
507 1792 552 1838 in
592 1809 641 1838 eo
666 1796 743 1855 qui
770 1791 877 1837 vicit
899 1790 1134 1845 mundum,
1156 1800 1198 1835 et
1217 1790 1262 1835 in
1282 1805 1370 1852 quo
1392 1786 1506 1833 nihil

126 1862 292 1907 invenit
313 1863 518 1925 princeps
539 1861 696 1907 mundi
717 1863 750 1908 6.

191 1933 265 1979 IV.
286 1932 472 1996 Quis2est
495 1932 610 1978 enim
627 1932 816 1978 mundus
829 1969 840 1988 ,
858 1931 911 1977 de
928 1947 1016 1994 quo
1028 1929 1134 1975 dicit
1147 1927 1507 1975 Salvatormundi

126 2014 169 2049 et
179 2003 502 2059 victormundi‚
518 2003 583 2048 «N
587 2005 797 2066 onpotest
813 2000 1004 2047 mundus
1019 1999 1157 2045 odisse
1174 2016 1268 2055 vos,
1280 2015 1348 2044 me
1365 2007 1508 2043 autem

129 2095 151 2117 ³)
165 2072 276 2129 odit,
298 2073 403 2137 quia
425 2090 503 2133 ego
518 2073 813 2118 testimonium
833 2071 1047 2135 perhibeo
1071 2069 1123 2115 de
1136 2069 1230 2125 illo,
1253 2068 1354 2132 quia
1374 2084 1506 2131 opera

131 2165 152 2185 »
178 2146 267 2202 ejus
290 2143 405 2188 mala
437 2143 597 2188 sunt7?
618 2164 638 2184 >³
659 2142 887 2206 Numquid
924 2152 1047 2186 terrae
1075 2157 1125 2186 ac
1148 2140 1279 2185 maris
1296 2176 1308 2195 ,
1332 2138 1435 2184 0οθ11
1458 2154 1509 2183 ac

130 2213 318 2259 siderum
344 2212 456 2258 mala
473 2223 574 2258 sunt
596 2215 759 2276 opera?
779 2212 864 2257 Sed
888 2211 1038 2274 utique
1058 2209 1248 2255 mundus
1266 2208 1343 2254 iste
1358 2207 1509 2254 homi-

130 2301 204 2329 nes
222 2294 337 2338 sunt,
356 2284 448 2329 Nec
475 2283 531 2328 ab
562 2283 644 2328 isto
670 2282 835 2328 mundo
853 2282 1085 2346 quisquam
1105 2278 1357 2326 liberandus
1388 2276 1514 2338 eligi-

134 2364 223 2409 tur,
249 2354 332 2399 nisi
351 2352 487 2414 gratia
511 2353 591 2398 Dei
623 2371 701 2416 per
721 2354 869 2398 Jesum
896 2351 1121 2398 Christum
1148 2349 1387 2395 Dominum
1409 2365 1513 2394 nos-

134 2434 270 2479 trum,
306 2423 384 2487 qui
422 2422 544 2469 dedit
576 2440 748 2469 carnem
793 2439 910 2468 suam
947 2437 1028 2485 pro
1061 2419 1219 2466 mundi
1249 2419 1364 2472 vita3
1393 2416 1516 2481 quod

135 2511 225 2539 non
243 2493 425 2551 fecisset,
447 2494 529 2539 nisi
558 2493 776 2540 mundum
799 2493 1029 2540 invenisset
1059 2490 1106 2537 in
1133 2501 1284 2537 morte.
1315 2490 1424 2546 Quis
1454 2496 1517 2533 est

191 2595 312 2628 ¹Joan.
335 2606 403 2631 nv,
423 2596 480 2627 30.
496 2612 541 2618 --
566 2593 582 2616 ²
599 2594 648 2626 Id.
671 2607 699 2633 x,
720 2606 769 2626 10.
789 2613 832 2619 —
849 2592 864 2616 ³
890 2605 903 2624 1
923 2596 1020 2627 Joan.
1039 2604 1070 2632 v,
1092 2605 1146 2635 19.
1175 2610 1220 2617 —
1237 2589 1251 2614 ⁴
1271 2590 1320 2622 Id.
1342 2601 1384 2631 11,
1407 2590 1459 2621 16.
1475 2604 1519 2613 —-

142 2649 156 2672 5
173 2653 268 2683 Joan.
284 2661 351 2695 xvi,
371 2652 427 2682 33.
447 2667 489 2675 —
507 2647 522 2671 ⁶
537 2649 586 2683 1d.
603 2661 668 2689 xxv,
686 2652 741 2682 30.
755 2669 800 2676 —
814 2648 829 2672 ⁷
847 2648 894 2682 Id.
914 2660 977 2692 vn,
1001 2659 1033 2688 7.
