1843 3190
322 308 417 364 436
731 321 765 350 5.
809 319 1051 349 AUGUSTINI
1085 317 1288 349 EPISCOPI

323 397 472 433 manet
492 423 501 441 ‚
530 403 616 430 non
640 384 815 447 quidem
853 383 1144 428 abstrahendo
1178 393 1217 428 et
1238 383 1457 429 illiciendo
1477 394 1664 429 mentem
1684 421 1695 438 ,

327 462 503 520 ejusque
543 471 750 500 consensu
774 453 1062 516 concipiendo
1086 464 1127 498 et
1162 453 1371 516 pariendo
1397 464 1604 516 peccata3
1627 452 1700 499 sed

326 529 457 582 mala,
485 527 644 589 quibus
666 542 783 570 mens
801 525 984 579 resistat,
1010 523 1220 568 desideria
1245 523 1573 570 commovendo.
1604 525 1702 587 lpse

324 599 491 662 quippe
507 606 647 640 motus
671 605 792 639 actus
804 605 863 638 est
886 597 995 652 ejus,
1017 592 1218 656 quamvis
1239 603 1379 638 mente
1399 611 1486 638 non
1512 609 1700 639 consen-

327 670 457 714 tiente
477 666 585 711 desit
603 666 789 710 effectus.
823 666 937 708 Inest
961 663 1074 708 enim
1100 662 1270 707 homini
1300 663 1462 708 malum
1484 662 1526 708 et
1544 673 1706 726 praeter

323 740 455 786 istum
483 747 653 788 actum,
674 734 719 779 id
745 744 823 788 est,
853 744 1010 796 praeter
1038 733 1158 777 hunc
1187 743 1353 778 motum
1374 770 1384 785 ,
1419 733 1534 778 unde
1569 732 1706 792 surgit

326 810 402 854 hic
420 817 584 857 motus;
607 822 734 867 quem
757 814 924 848 motum
947 803 1132 847 dicimus
1152 802 1428 849 desiderium.
1467 804 1565 848 Non
1592 803 1707 848 enim

328 893 497 940 semper
523 886 586 920 est
622 874 882 919 desiderium
920 883 1071 918 contra
1109 872 1228 935 quod
1258 889 1501 935 pugnemus
1529 890 1539 918 :
1578 872 1650 918 sed
1675 874 1710 918 si

330 960 436 994 tunc
463 963 549 991 non
574 955 660 997 est,
687 944 864 1007 quando
891 961 979 988 non
1003 943 1196 988 occurrit
1229 942 1348 1006 quod
1373 943 1711 1006 concupiscatur

332 1021 419 1065 sive
439 1017 580 1062 animo
605 1015 850 1074 cogitantis,
878 1014 966 1059 sive
990 1013 1185 1058 sensibus
1208 1014 1429 1076 corporis;
1459 1014 1550 1058 fieri
1572 1023 1712 1076 potest

332 1101 382 1136 ut
406 1089 505 1134 insit
528 1085 710 1149 qualitas
730 1085 858 1138 mala,
881 1084 953 1130 sed
976 1084 1094 1129 nulla
1119 1084 1174 1129 sit
1195 1084 1429 1129 tentatione
1452 1094 1675 1130 commota
1698 1101 1709 1127 ι

332 1161 443 1206 sicut
462 1159 572 1203 inest
595 1155 804 1200 timiditas
826 1155 992 1200 homini
1016 1154 1187 1203 timido,
1207 1154 1437 1217 etquando
1461 1172 1547 1200 11011
1570 1154 1707 1199 timet.

337 1232 451 1276 Cum
479 1243 578 1272 vero
620 1226 812 1270 occurrit
835 1224 956 1288 quod
991 1225 1332 1287 concupiscatur
1350 1260 1361 1279 ,
1399 1241 1478 1270 nec
1504 1222 1713 1269 desideria

335 1299 451 1345 mala
468 1296 594 1342 nobis
608 1296 736 1339 etiam
760 1295 1011 1339 nolentibus
1037 1305 1386 1349 commoventur,
1413 1294 1570 1339 sanitas
1588 1292 1717 1356 plena

335 1381 411 1416 est.
443 1369 537 1412 Hoc
559 1383 657 1425 ergo
685 1366 840 1410 vitium
868 1382 955 1409 non
982 1375 1125 1427 posset
1147 1365 1227 1409 nisi
1246 1376 1367 1409 reatu
1399 1375 1539 1409 tenere
1564 1364 1716 1409 homi-

338 1457 455 1493 nem,
483 1436 682 1501 quamvis
701 1435 893 1495 ejusdem
913 1436 1016 1480 mali
1033 1435 1151 1480 bono
1177 1451 1256 1480 usu
1286 1433 1339 1479 de
1376 1435 1501 1480 castis
1523 1433 1721 1493 conjugi-

338 1512 422 1556 bus
440 1517 716 1571 procreatum
741 1524 751 1550 :
781 1506 857 1568 qui
881 1517 1039 1560 reatus,
1063 1505 1264 1568 quamvis
1284 1521 1332 1549 eo
1353 1515 1553 1550 manente
1570 1503 1684 1549 malo
1707 1539 1719 1559 ,

342 1582 524 1629 solvitur
552 1580 596 1624 111
629 1579 874 1623 remissione
894 1577 1089 1623 omnium
1109 1587 1391 1639 peccatorum
1418 1594 1496 1640 per
1517 1578 1597 1622 Dei
1629 1594 1723 1637 gra-

346 1655 449 1699 tiam
484 1667 567 1713 qua
600 1648 838 1693 liberamur
860 1648 914 1692 ab
935 1648 1053 1692 0111111
1090 1647 1202 1691 malo
1221 1684 1232 1701 ,
1260 1663 1361 1692 cum
1386 1647 1603 1694 Dominus
1637 1664 1726 1692 non

348 1724 486 1771 solum
510 1718 725 1783 propitius
749 1719 798 1763 fit
817 1718 1020 1763 omnibus
1045 1717 1350 1780 iniquitatibus
1374 1718 1547 1774 nostris,
1569 1734 1724 1763 verum

349 1795 478 1840 etiam
512 1800 632 1834 sanat
666 1805 812 1833 omnes
838 1788 1066 1846 languores
1093 1797 1274 1832 nostros.
1317 1787 1428 1831 Nam
1457 1787 1596 1832 recole
1619 1787 1728 1850 quid

353 1859 625 1925 responderit
655 1858 879 1902 Liberatoi·
896 1858 986 1919 ipse
1006 1867 1133 1919 atque
1158 1856 1356 1901 Salvator
1373 1856 1441 1901 his
1464 1857 1540 1918 qui
1558 1857 1596 1901 ei
1614 1856 1730 1901 dixe-

356 1943 472 1986 rant,
495 1941 542 1975 ut
560 1929 689 1973 exiret
713 1928 766 1972 tle
783 1927 1059 1989 jerosolymis
1085 1944 1094 1970 :
1120 1947 1140 1966 <‹
1164 1927 1290 1981 Ecce,
1309 1927 1471 1989 inquit,
1498 1927 1625 1986 ejicio
1643 1926 1732 1972 dae-

361 2002 545 2049 »monia
571 2036 582 2055 ,
624 2009 665 2043 et
706 1999 905 2042 sanitates
949 1997 1129 2060 perficio
1163 1996 1295 2041 hodie
1317 2007 1358 2041 et
1383 2013 1475 2041 cras
1501 2033 1511 2050 ,
1543 2007 1584 2042 et
1608 1997 1733 2042 tertia

363 2097 384 2118 ³³
402 2067 720 2119 consummorl.
745 2089 764 2109 »
783 2069 895 2127 Lege
912 2067 1213 2126 Evangelium,
1232 2078 1272 2111 et
1295 2066 1391 2112 vide
1404 2078 1503 2130 post
1518 2078 1734 2131 quantum

337 2159 511 2208 passus
538 2139 663 2183 fuerit
689 2148 730 2181 et
759 2138 1045 2182 resurrexerit.
1080 2138 1192 2195 Ergo
1224 2137 1430 2182 mentitus
1461 2140 1555 2182 est?
1589 2137 1728 2184 Absit.

365 2213 447 2260 Sed
473 2209 731 2269 significarit
769 2207 933 2270 aliquid
956 2245 966 2261 ‚
1003 2206 1123 2269 quod
1165 2207 1241 2251 ista
1265 2207 1379 2251 inter
1402 2224 1479 2252 nos
1501 2207 1738 2270 quaestione

362 2292 569 2331 versatur.
603 2278 806 2340 Expulsio
826 2293 991 2340 quippe
1013 2287 1073 2321 est
1090 2276 1403 2321 daemoniorum
1422 2277 1612 2322 remissio
1628 2293 1737 2339 pec-

365 2364 562 2399 catorum
586 2366 596 2392 z
634 2348 841 2409 perfectio
863 2347 1097 2390 sanitatum
1117 2382 1126 2399 ,
1153 2363 1251 2407 quae
1275 2348 1324 2391 fit
1349 2345 1618 2408 proficiendo
1641 2357 1740 2409 post

367 2421 634 2484 baptismum
658 2454 668 2469 ,
702 2417 824 2461 tertia
847 2415 1162 2460 consummatio
1181 2426 1243 2459 est
1264 2452 1273 2470 ‚
1299 2433 1430 2478 quam
1457 2432 1544 2461 suae
1566 2432 1740 2480 quoque

365 2490 506 2539 carnis
540 2486 866 2532 immortalitate
889 2484 1147 2531 monstravit
1170 2484 1575 2548 incorruptibilium
1595 2486 1738 2531 beati—

363 2562 472 2609 tudo
497 2555 769 2618 gaudiorum.

407 2649 417 2669 1
440 2648 514 2677 Luc.
533 2652 606 2680 xm,
625 2642 679 2673 32.
