1843 3190
0 0 1843 249 T——V

0 250 6 416 Ι
265 344 439 375 CONTRA
476 344 702 376 JULIANUM
739 344 1042 388 PELAGIANUM,
1080 348 1168 378 LIB.
1213 348 1281 379 111.
1357 335 1448 381 213

3 417 6 419 ’
66 409 294 470 subjungis
313 430 332 450 «
349 410 433 454 Per
450 409 549 454 haec
564 426 638 454 sua
652 410 785 455 verba
800 411 1058 473 Apostolum
1079 412 1317 469 ostendere,
1335 415 1447 459 ami-

66 480 166 526 sisse
194 480 332 524 Deum
359 479 922 538 auctoritatemjudicandi,
945 481 979 526 si
998 481 1178 527 modum
1200 499 1289 527 non
1308 483 1448 528 tenuit

66 549 325 613 imperandi.
364 571 384 591 «
411 549 455 593 Si
496 566 596 608 ergo
612 586 622 600 ,
672 549 783 595 sicut
804 561 958 613 putas,
995 551 1049 596 ad
1088 552 1175 597 hoc
1222 553 1303 598 ista
1343 553 1450 598 dixit

68 619 316 682 Apostolus,
347 630 394 664 ut
412 635 497 662 sese
516 618 790 674 cohiberent,
825 620 900 683 qni
937 621 1183 666 asserebant
1218 621 1339 667 laudi
1369 623 1450 668 Dei

66 690 275 753 *proficere
300 699 478 751 peccata
501 688 766 743 mortalium,
811 706 997 752 eumque
1035 689 1133 735 ideo
1160 692 1449 754 impossibilia

65 760 331 823 praecepisse
350 797 360 815 ,
391 770 438 803 ut
463 759 690 804 miserendi
720 760 802 804 sibi
839 761 1061 806 materiam
1083 773 1382 825 praepararet:
1410 774 1451 808 et

68 830 286 893 perhanc
308 828 602 892 Apostolicam
638 830 892 876 sententiam
938 833 1051 876 sicut
1085 832 1296 877 existimas
1317 870 1328 889 ,
1371 833 1451 878 de-

69 909 351 953 monstratur,
375 909 603 961 propterea
628 910 741 944 recte
762 900 953 959 judicari
975 901 1192 956 homines,
1223 903 1323 966 quia
1340 920 1454 966 prae-

68 980 192 1032 cepta
209 970 430 1032 possibilia
450 986 538 1014 non
550 969 745 1014 fecerunt
767 991 777 1023 ς
795 971 954 1030 injuste
968 982 1109 1016 ¹autem
1126 973 1447 1031 judicarentur,

0 1047 1 1088 ζ
67 1040 101 1085 si
123 1057 172 1085 ea
198 1057 285 1084 non
304 1038 518 1093 fecissent,
543 1056 644 1101 quae
668 1040 953 1102 impossibilia
967 1042 1226 1100 juberentur
1248 1061 1258 1087 ς
1289 1065 1308 1083 ›>
1343 1043 1451 1106 quid

69 1110 122 1156 de
134 1109 462 1155 Isaacdicturus
488 1127 547 1161 cS,
578 1110 648 1154 cui
664 1110 908 1173 quidquam
929 1128 1008 1156 nec
1022 1113 1249 1174 possibile,
1272 1131 1350 1159 nec
1365 1115 1453 1158 im-

0 1212 2 1226 >
68 1179 276 1244 possibile
312 1190 371 1224 est
404 1179 697 1242 imperatum3
739 1190 780 1225 et
816 1191 957 1226 tamen
995 1181 1249 1243 perditionis
1294 1184 1450 1228 animae

69 1267 158 1296 suae
181 1266 316 1313 poena
338 1249 554 1304 feriretur,
583 1249 617 1294 si
638 1260 791 1295 octavo
815 1249 885 1296 die
919 1267 1006 1295 non
1030 1251 1451 1298 circumcideretur?

71 1323 139 1367 An
164 1337 264 1365 vero
288 1337 368 1365 nec
387 1322 450 1365 sic
475 1320 647 1366 tandem
675 1322 872 1384 respicis,
901 1321 1009 1367 illud
1029 1322 1232 1385 primitus
1254 1323 1298 1368 in
1316 1341 1450 1386 para-

71 1391 163 1436 diso
204 1390 354 1436 datum
400 1408 479 1453 1³⁰³
464 1390 605 1436 sibile
647 1409 696 1436 ac
736 1392 862 1437 ficile
889 1392 1017 1437 fuisse
1041 1404 1332 1456 praeceptum,
1363 1410 1450 1456 quo

71 1471 324 1524 contempto
340 1471 480 1540 atqiwle
486 1478 511 1505 x
517 1460 664 1516 iolato‚
684 1478 831 1506 omnes
850 1479 897 1506 ex
916 1479 1003 1507 uno
1022 1462 1219 1518 homine,
1240 1474 1451 1526 tanquam

70 1532 115 1577 in
153 1548 290 1576 massa
328 1531 503 1590 orioinis
530 1548 761 1577 commune
794 1532 904 1577 illud
934 1533 1097 1577 habere
1121 1544 1383 1595 peccatum3
1411 1544 1452 1577 et

72 1601 178 1647 hinc
200 1618 286 1646 esse
304 1604 459 1660 jugum
485 1618 613 1660 grave
639 1619 769 1664 super
798 1602 908 1647 filios
930 1602 1085 1653 Adam,
1111 1621 1132 1648 3
1155 1602 1224 1648 die
1248 1603 1380 1648 exitus
1401 1602 1455 1648 dc

72 1681 221 1717 ventre
239 1671 387 1716 matris
428 1688 576 1716 eorum
595 1708 605 1726 ,
633 1688 768 1734 usque
791 1672 836 1716 in
881 1671 993 1716 diem
1025 1672 1259 1734 sepulturae
1282 1674 1328 1718 in
1354 1690 1452 1718 ma-

75 1752 182 1787 trem
197 1741 395 1786 omnium
420 1739 472 1787 '19
494 1743 549 1786 Et
566 1743 770 1804 quoniam
796 1742 936 1787 exista
961 1742 1004 1787 in
1024 1742 1161 1787 Adam
1182 1743 1452 1802 generatione

75 1812 278 1858 damnata
313 1828 439 1857 nemo
476 1811 714 1868 liberatur,
758 1813 840 1857 nisi
870 1824 1140 1872 regeneretur
1163 1813 1209 1858 in
1249 1813 1454 1867 Christo;

74 1893 305 1946 propterea
334 1882 503 1940 signum
537 1882 727 1941 ejusdem
753 1882 1086 1942 regenerationis
1117 1884 1237 1927 Isaac
1273 1883 1352 1928 nisi
1378 1900 1455 1928 ac-

76 1952 274 2016 cepisset,
305 1951 519 2015 perisset:
564 1953 885 1998 necimmerito
921 1952 1129 2015 perisset,
1157 1953 1256 2015 quia
1291 1971 1338 1998 ex
1372 1953 1457 1998 hac

75 2024 181 2079 vita,
209 2039 298 2086 quo
316 2039 394 2086 per
425 2024 742 2082 generationem
776 2023 1028 2069 damnatam
1066 2022 1297 2068 damnatus
1316 2024 1457 2069 intra-

75 2104 212 2150 verat,
235 2093 325 2138 sine
343 2092 463 2152 signo
479 2093 812 2153 regenerationis
833 2093 995 2139 exisset.
1024 2094 1111 2138 Aut
1134 2093 1168 2137 si
1191 2110 1277 2138 non
1295 2103 1356 2138 est
1377 2095 1458 2138 ista

77 2180 226 2217 causa,
249 2162 325 2208 dic
342 2161 537 2209 alteram.
562 2165 710 2209 Bonus
728 2174 789 2208 est
801 2166 938 2219 Deus,
956 2167 1097 2222 justus
1113 2173 1173 2208 est
1197 2163 1311 2207 Deus
1332 2181 1342 2207 :
1373 2180 1461 2226 po-

77 2243 158 2278 test
180 2231 347 2295 aliquos
385 2231 474 2276 sine
497 2233 623 2278 bonis
647 2233 810 2278 meritis
833 2232 1034 2287 liberare,
1071 2233 1172 2295 quia
1196 2232 1336 2277 bonus
1359 2244 1419 2278 est
1442 2252 1453 2278 ε

78 2320 167 2348 non
200 2311 343 2366 potest
370 2318 636 2365 quemquam
665 2303 755 2348 sine
778 2301 901 2347 malis
924 2302 1085 2347 meritis
1108 2302 1331 2358 damnare,
1355 2304 1459 2366 quia

74 2376 216 2432 justus
248 2381 323 2418 est.
357 2371 540 2416 Nullum
570 2372 774 2417 meritum
809 2371 973 2417 malum
995 2383 1093 2417 octo
1117 2371 1284 2417 dierum
1317 2372 1458 2418 infans

80 2443 134 2488 de
170 2441 362 2505 propriis
392 2442 585 2505 peccatis
614 2442 837 2495 habebat3
864 2458 997 2505 quare
1027 2442 1307 2487 damnaretur
1329 2480 1339 2499 ,
1375 2444 1458 2488 nisi

81 2512 486 2566 circumcideretur,
510 2513 544 2558 si
562 2530 609 2558 ex
627 2512 790 2573 origine
808 2529 896 2558 non
920 2512 1151 2558 trahebat?

148 2583 350 2629 xxxvl.
380 2583 514 2644 Perge
536 2583 591 2630 ad
616 2594 788 2640 caetera,
831 2594 873 2628 et
895 2583 1018 2629 vanis
1036 2582 1214 2629 vaniora
1238 2592 1411 2627 contexe
1444 2600 1454 2627 :

138 2667 148 2689 ¹
169 2666 261 2698 Eccli.
281 2677 334 2704 ιη,
358 2676 384 2697 1.
