1843 3190
415 340 503 405 178
830 347 865 379 s.
908 343 1151 378 tineosum
1185 342 1389 378 mseom

408 420 583 477 randaS,
603 416 674 465 sed
693 413 998 480 ponderandas
1015 430 1159 459 censes
1173 430 1259 459 esse
1277 412 1523 469 sententias,
1542 434 1562 455 »
1576 422 1618 460 et
1637 412 1777 471 addis,

413 491 563 556 (quod
595 488 770 553 quidem
794 496 835 532 et
859 498 937 546 ego
968 501 1116 530 verum
1151 501 1235 529 esse
1261 484 1483 530 consentio
1500 486 1547 546 ‚)
1571 505 1592 526 «
1613 485 1682 531 Ad
1705 485 1782 531 ali-

408 561 517 627 quid
551 557 861 606 inveniendum
899 553 1229 601 multitudinem
1266 554 1379 599 nihil
1412 554 1612 617 prodesse
1645 572 1782 601 caeco-

410 647 509 680 rum
528 669 539 688 ‚
564 653 585 673 n
602 629 734 675 etiam
758 628 860 673 istos
891 642 1031 671 caecos
1051 624 1194 670 dicere
1213 624 1422 670 audebis?
1442 626 1497 670 Et
1517 642 1651 688 usque
1675 625 1780 671 adeo

410 701 664 767 permiscuit
680 698 778 745 imis
796 698 949 757 longus
966 713 1133 741 summa
1150 694 1285 752 dies1‚
1308 711 1441 758 usque
1466 695 1573 741 adeo
1592 696 1782 742 tenebrae

410 775 505 830 lux,
531 783 574 818 et
602 772 674 817 lux
700 770 891 815 tenebrae
917 784 1002 813 esse
1025 767 1250 822 dicuntur,
1279 777 1327 812 ut
1350 766 1528 812 videant
1550 767 1748 827 Pelagius
1766 804 1777 822 ‚

409 843 665 897 coelestius,
695 839 894 884 Julianus
912 875 923 892 ‚
950 847 990 882 et
1020 837 1127 882 caeci
1157 836 1243 881 sint
1262 836 1476 893 Hilarius,
1519 837 1777 896 GregoriuS‚

409 911 695 960 Ambrosius?
720 908 805 954 Sed
838 906 1170 970 qualiscumque
1207 905 1341 950 homo
1376 906 1459 959 sis;
1501 916 1644 952 tamen
1678 908 1780 970 quia

405 984 543 1029 homo
572 998 614 1027 es
633 1017 644 1037 ‚
675 978 820 1026 videre
862 977 972 1022 mihi
1000 975 1151 1022 videor
1183 976 1491 1022 verecundiam
1532 988 1650 1023 tuam
1670 1015 1682 1034 ,
1715 979 1781 1040 (si

405 1065 551 1099 tamen
582 1067 673 1097 non
703 1051 748 1096 in
774 1059 817 1094 te
839 1064 934 1111 spes
955 1058 1017 1092 est
1052 1047 1192 1093 omnis
1228 1058 1424 1092 emortua
1459 1048 1781 1112 sanitatis;)et

405 1123 599 1188 quodam
619 1120 751 1167 modo
774 1119 904 1165 audio
926 1135 1073 1164 vocem
1103 1128 1236 1164 tuam.
1272 1118 1523 1180 Respondes
1545 1137 1555 1164 :
1579 1120 1703 1165 Absit
1733 1130 1781 1166 ut

406 1194 591 1241 audeam
609 1209 747 1238 caecos
763 1191 867 1236 istos
885 1190 999 1234 viros
1023 1189 1090 1234 vel
1117 1189 1327 1249 cogitare,
1350 1189 1418 1235 vel
1432 1189 1589 1237 dicere.
1615 1192 1779 1237 Eorum

406 1280 507 1324 ergo
545 1261 746 1326 appende
768 1260 1010 1306 sententias.
1042 1260 1153 1306 Nolo
1177 1276 1263 1305 esse
1281 1259 1453 1323 plures,
1477 1271 1526 1305 ut
1552 1278 1618 1307 eas
1644 1273 1684 1307 te
1704 1262 1779 1325 pi*

403 1343 499 1395 geat
516 1349 742 1379 numera-re
760 1349 771 1376 ε
794 1330 866 1376 sed
895 1347 982 1375 non
1007 1341 1107 1376 sunt
1127 1330 1261 1386 leves,
1280 1340 1328 1376 ut
1348 1347 1415 1376 eas
1439 1330 1682 1391 dedigneris
1702 1350 1779 1395 ap-

401 1404 621 1469 pendere3
646 1403 736 1448 imo
755 1412 843 1447 tam
868 1411 967 1446 sunt
990 1417 1160 1459 grave3‚
1191 1411 1238 1445 ut
1264 1411 1303 1446 te
1336 1401 1507 1447 videam
1528 1402 1610 1447 sub
1629 1419 1778 1448 earum

402 1491 530 1520 onere
548 1474 757 1520 laborare.
783 1470 1012 1533 ¹Numquid
1031 1481 1072 1515 et
1088 1470 1141 1515 de
1156 1471 1245 1516 istis
1263 1470 1460 1517 dicturus
1480 1489 1521 1517 es
1535 1509 1545 1528 ,
1567 1493 1588 1513 «
1613 1474 1681 1518 Me
1698 1473 1777 1518 im-

398 1545 559 1591 bellem
577 1543 659 1589 tibi
683 1541 933 1606 opinionem
951 1541 1160 1586 consortis
1179 1558 1427 1605 opponere,
1454 1553 1495 1588 et
1519 1543 1638 1590 velut
1665 1560 1776 1589 con-

400 1625 638 1661 sternatum
655 1623 773 1658 metu
789 1649 798 1666 ‚
822 1611 1017 1657 conscios
1036 1611 1291 1663 nominare?
1310 1634 1330 1653 η

466 1683 668 1730 XXXVI.
710 1703 730 1723 «
756 1682 901 1737 Dicis,
923 1681 970 1726 in
1004 1697 1134 1726 causa
1152 1681 1409 1740 judicandi,
1432 1692 1574 1728 amoto
1592 1683 1776 1746 strepitu

399 1756 630 1801 turbarum
649 1791 659 1810 ,
681 1753 735 1799 de
755 1752 873 1798 omni
891 1751 1041 1797 ordine
1059 1753 1396 1799 conversationis
1411 1753 1644 1799 hominum
1657 1791 1668 1811 ,
1689 1755 1776 1801 sive

399 1827 671 1873 sacerdotum
689 1863 699 1881 ,
727 1825 813 1870 sive
846 1823 1245 1870 administrantium
1266 1862 1276 1881 ,
1316 1825 1404 1871 sive
1436 1825 1771 1889 praefectorum,

399 1897 457 1942 ad
475 1897 783 1943 discussionem
808 1894 964 1940 talium
987 1910 1131 1940 rerum
1151 1912 1239 1940 non
1264 1895 1355 1941 sola
1377 1899 1553 1941 nomina
1570 1933 1581 1951 ,
1602 1896 1675 1942 sed
1694 1896 1775 1942 eli-

398 1967 583 2027 gendam
614 1984 701 2013 esse
724 1964 1006 2029 prudentiam
1025 2002 1036 2022 ,
1071 1976 1114 2010 et
1134 1965 1437 2014 honorandam
1462 1984 1548 2012 esse
1571 1967 1774 2030 paucita-

400 2048 486 2082 tem
505 2075 515 2094 ‚
544 2054 676 2101 quam
710 2037 846 2092 ratio,
876 2034 1062 2081 eruditio
1083 2072 1095 2091 ,
1125 2035 1389 2100 libertasque
1414 2037 1634 2084 sublimat.
1660 2059 1681 2080 »
1708 2039 1789 2084 Ιῑει,

398 2124 502 2154 vero
527 2119 588 2153 est
604 2145 614 2163 ,
639 2118 687 2153 ut
712 2107 820 2152 dicis
841 2124 852 2151 z
877 2105 949 2151 sed
973 2122 1054 2151 nec
1070 2123 1148 2166 ego
1170 2117 1211 2152 te
1235 2106 1364 2152 ullius
1381 2107 1673 2154 multitudinis
1694 2125 1772 2154 nu-

398 2181 644 2224 merositate
655 2178 891 2241 perturb03
917 2177 1116 2240 quamvis
1128 2179 1321 2241 propitio
1341 2179 1433 2224 Deo
1451 2216 1460 2234 ‚
1478 2178 1530 2224 de
1554 2179 1638 2224 hac
1657 2179 1742 2224 fide
1756 2216 1768 2236 ‚
1820 2184 1832 2228 ’ς

397 2249 471 2293 cui
506 2247 803 2294 contradicitis
823 2284 832 2301 ‚
860 2247 1078 2293 catholica
1112 2265 1265 2294 sanum
1288 2249 1428 2311 sapiat
1456 2249 1586 2294 etiam
1620 2249 1772 2295 multi-
1815 2271 1821 2280 ν

396 2317 531 2375 tudo;
553 2319 596 2363 in
626 2334 713 2381 qua
745 2333 1055 2380 usquequaque
1076 2318 1282 2380 plurimi,
1316 2319 1393 2364 ubi
1417 2329 1628 2381 possunt,
1656 2337 1767 2382 quo·
1826 2345 1833 2370 f

396 2387 528 2433 modo
567 2398 774 2450 possunt,
812 2387 925 2432 sicut
953 2387 1162 2433 divinitus
1187 2388 1465 2448 adjuvantur,
1494 2406 1605 2434 vana
1633 2401 1770 2437 vestra
1815 2400 1838 2442 ’,ς

396 2468 646 2517 argumenta
673 2456 914 2504 confutant.
944 2456 1069 2502 Unde
1098 2457 1251 2503 absita
1280 2476 1348 2503 me
1371 2458 1450 2504 ista
1467 2496 1477 2515 ‚
1509 2476 1639 2523 quam
1660 2461 1770 2506 mihi
1818 2486 1843 2511 ,ς-

393 2616 528 2645 unum
553 2616 634 2662 pro
658 2597 860 2643 omnibus
876 2614 997 2658 agere
1014 2598 1255 2661 pollicerer.
1280 2621 1300 2642 ›>
1321 2600 1451 2657 Quod
1468 2618 1567 2646 cum
1594 2611 1639 2647 tu
1659 2602 1785 2676 inter(
1801 2605 1839 2655 dam

440 2681 449 2703 ¹
473 2684 589 2714 Lucan.
608 2680 662 2711 lib.
685 2683 714 2712 3.
737 2690 766 2713 v.
792 2681 866 2712 138.
1784 2677 1785 2682 ¹
1825 2682 1828 2691 ¹
