1843 3190
223 263 397 296 CONTRA
431 263 658 296 JULIANUM
693 261 999 304 PELAGIANUM,
1039 263 1124 295 tm.
1168 264 1237 295 111.
1313 248 1395 294 231

30 331 193 395 spicuis
217 330 376 393 quibus
396 330 653 376 extrinsecus
674 330 949 375 sustinemur.
978 328 1067 384 Qui
1084 345 1183 387 ergo
1201 340 1406 391 operatur

32 407 80 446 u't
104 402 222 446 vivat
237 401 372 446 homo
391 438 402 457 ,
424 400 619 463 quamvis
639 399 962 444 conversatione
988 397 1165 451 vitiosa3
1189 397 1280 460 ipse
1299 415 1407 460 ope-

32 480 153 516 ratur
178 482 226 516 ut
246 481 449 516 nascatur
475 470 609 515 homo
623 506 634 524 ,
659 468 857 531 quamvis
877 468 1039 527 origine
1058 467 1222 513 vitiata.

96 541 234 587 LVII.
277 540 396 597 Quid
415 550 477 586 est
499 550 667 595 autem,
696 538 816 602 quod
851 537 1086 601 propositis
1106 537 1199 582 aliis
1217 554 1265 582 ex
1290 537 1405 583 libro

33 629 129 658 meo
145 612 286 657 verbis
309 612 413 657 meis
436 611 564 671 fingis
581 610 701 675 quod
718 609 920 665 dixerim,
943 631 961 650 «
981 609 1122 654 Aliam
1145 607 1274 653 fuisse
1297 626 1411 672 nup-

34 683 193 728 tiarum
212 681 528 727 institutionem
549 690 646 726 ante
664 689 894 743 peccatum
919 679 1024 724 Adae
1039 716 1049 735 ‚
1076 695 1175 741 quae
1194 678 1282 723 sine
1303 696 1413 724 con-

35 752 324 816 cupiscentia,
345 753 433 797 sine
447 761 569 796 motu
588 767 842 814 corporume
866 750 954 795 sine
974 749 1222 795 necessitate
1236 767 1412 795 sexuum

35 840 120 868 esse
153 822 422 886 potuissent?
445 843 465 863 >³
494 821 683 866 Detrahe
709 820 875 883 nuptiis
899 820 1301 883 concupiscentiam
1325 837 1413 884 qua

35 909 135 938 caro
150 892 423 957 concupiscit
440 891 642 938 adversus
658 891 860 955 spiritum
879 912 889 945 3
909 890 1088 937 detrahe
1114 890 1276 938 malum
1299 907 1408 936 con-

37 973 103 1008 tra
139 961 259 1026 quod
299 979 468 1025 pugnas
501 961 684 1021 gloriosa
717 978 911 1007 exercens
946 963 1226 1008 continentiae
1254 962 1417 1008 virtute

37 1032 296 1086 certamina;
319 1043 360 1077 et
377 1049 466 1077 non
485 1048 596 1094 opus
617 1042 678 1076 est
697 1041 746 1076 ut
767 1041 922 1076 caetera
939 1031 1139 1077 detrahas
1155 1069 1166 1088 ‚
1187 1032 1222 1077 si
1237 1032 1415 1094 nuptias

37 1103 199 1167 quaeris
224 1102 370 1165 quales
408 1111 505 1147 ante
529 1111 758 1165 peccatum
792 1102 1037 1163 primorum
1068 1102 1297 1147 hominum
1331 1119 1418 1148 esse

36 1183 288 1237 potuerunt.
314 1172 414 1217 Sine
438 1181 559 1217 motu
582 1170 697 1216 enim
727 1188 963 1234 corporum
988 1182 1029 1216 et
1053 1171 1142 1216 sine
1165 1171 1414 1217 necessitate

38 1238 211 1289 sexuum
232 1242 329 1306 quis
342 1259 534 1306 unquam
559 1241 667 1287 ullas
690 1242 866 1305 nuptias
890 1242 1127 1301 cogitavit?
1151 1240 1236 1286 Sed
1249 1240 1416 1287 bellum

38 1312 157 1376 quod
180 1313 225 1358 in
254 1329 295 1358 se
322 1314 427 1358 casti
451 1312 666 1367 sentiunt,
709 1312 795 1358 sive
828 1313 1122 1369 continentes,
1162 1313 1249 1358 sive
1284 1312 1414 1357 etiam

38 1383 286 1444 conjugati,
311 1383 397 1428 hoc
416 1383 604 1428 dicimus
627 1384 671 1428 in
689 1382 893 1445 paradiso
918 1394 1013 1446 ante
1036 1393 1268 1446 peccatum
1292 1382 1412 1428 nullo

38 1454 168 1499 modo
192 1471 276 1498 esse
297 1454 502 1517 potuisse.
534 1455 647 1516 Ipsae
666 1471 765 1513 ergo
789 1455 918 1499 etiam
955 1471 1073 1500 nunc
1094 1464 1194 1499 sunt
1216 1454 1409 1517 nuptiae,

38 1525 109 1570 scd
142 1525 186 1570 in
217 1525 470 1584 generandis
495 1525 592 1570 filiis
620 1535 725 1570 tunc
754 1524 874 1570 nullo
895 1525 1009 1570 malo
1031 1535 1272 1580 uterentur,
1295 1541 1413 1570 nunc

38 1596 406 1658 concupiscentiae
429 1596 542 1641 malo
562 1596 672 1640 bene
698 1606 896 1642 utuntur.
928 1596 1028 1653 Quo
1059 1595 1174 1641 malo
1198 1612 1273 1640 sua
1296 1595 1415 1640 bona

39 1682 126 1710 non
143 1665 452 1728 perdiderunt,
478 1665 523 1710 in
543 1665 749 1710 castitatis
773 1665 858 1711 fide
873 1702 885 1722 ,
914 1666 960 1710 in
983 1665 1304 1725 conjunctionis
1325 1665 1411 1710 foe-

39 1735 139 1780 dere
157 1773 170 1791 ,
197 1736 243 1781 in
265 1735 516 1799 propaginis
533 1737 734 1795 germine.
763 1736 1019 1781 Adhaereret
1041 1753 1141 1796 ergo
1162 1747 1267 1782 tunc
1286 1735 1413 1781 etiam
1469 1767 1472 1770 >

39 1806 106 1851 vir
127 1807 245 1851 uxori
265 1817 313 1851 ut
331 1807 551 1866 gignerent
568 1806 702 1862 filios3
729 1823 815 1851 non
835 1817 976 1852 tamen
995 1807 1208 1852 haberent
1222 1806 1266 1851 in
1286 1823 1414 1851 carne

0 1895 1 1923 1
40 1887 208 1921 motum
238 1876 434 1921 libidinis
477 1876 689 1931 turbidae,
718 1876 791 1921 sed
829 1876 1078 1940 tranquillae
1110 1875 1415 1922 tantummodo

0 1963 1 2013 J
39 1947 274 1993 voluntatis
291 1984 302 2003 ,
322 1964 408 2010 qua
426 1948 690 2011 imperamus
709 1948 875 1993 caeteris
895 1947 1116 1994 membris.

106 2019 267 2064 LVllI.
309 2018 465 2079 Arguis
480 2035 547 2063 me
565 2056 575 2074 ‚
603 2039 622 2059 α
644 2018 775 2074 Quod
799 2036 868 2064 eos
886 2018 1093 2081 parvulos
1114 2017 1189 2082 qui
1203 2016 1418 2063 mundum

40 2088 355 2151 impleverunt,
391 2106 473 2152 pro
497 2089 658 2152 quibus
689 2088 891 2134 Christus
924 2099 1120 2134 mortuus
1142 2098 1226 2141 est,
1251 2086 1416 2132 diaboli

0 2153 5 2169 ³²
42 2176 174 2222 opus,
203 2169 243 2204 et
262 2159 315 2204 de
335 2160 492 2205 morbo
516 2170 640 2204 natos
656 2197 667 2216 ‚
697 2170 739 2204 et
764 2160 819 2205 ab
845 2159 1018 2205 exordio
1036 2176 1129 2205 reos
1147 2159 1367 2205 definiam.
1396 2179 1417 2199 »

43 2229 222 2275 Parvuli
242 2246 354 2292 opus
376 2229 543 2275 diaboli
575 2230 914 2276 substantialiter
932 2247 1015 2276 non
1037 2239 1136 2275 sunt
1159 2246 1170 2274 :
1197 2228 1269 2274 sed
1289 2245 1419 2291 opere

43 2298 211 2344 diaboli
234 2299 498 2359 originaliter
531 2300 589 2345 rei
614 2311 727 2347 sunt.
766 2301 823 2345 Et
846 2299 944 2345 ideo
973 2299 1205 2354 Christus,
1233 2297 1352 2362 quod
1378 2309 1421 2344 et

42 2371 134 2433 ipse
152 2370 398 2427 confiteris,
422 2371 547 2416 etiarn
563 2388 644 2435 pro
662 2370 855 2449 parvulis
877 2380 1072 2416 mortuus
1093 2380 1182 2416 est·
1173 2386 1299 2433 qum
1310 2380 1350 2414 et
1363 2368 1421 2414 ad

44 2441 158 2505 ipsos
177 2440 377 2505 pertinet
389 2441 581 2501 sanguiS‚
612 2442 689 2506 qui
712 2442 759 2487 in
780 2441 1072 2487 remissionem
1097 2440 1216 2487 fusus
1234 2452 1292 2485 est
1313 2456 1422 2503 pec-

45 2509 361 2557 catorum1.a
385 2528 473 2575 quo
496 2511 592 2558 illos
616 2513 824 2573 sanguine
844 2512 985 2559 facitis
1011 2509 1197 2568 alienos,
1232 2527 1333 2556 cum
1353 2525 1423 2555 eos

94 2596 105 2618 ¹
125 2594 244 2628 Matth.
263 2605 352 2636 xxvi,
378 2596 433 2627 28.

209 2700 228 2713 Q
