1843 3190
3 2674 7 2703 ,-
0 2562 9 2663 w-u
0 2474 5 2522 -a-
0 2370 6 2455 -——

325 391 499 423 CONTRA
532 389 758 424 JULIANUM
792 392 1099 437 PELAGIANUM‚
1138 397 1226 430 LIB.
1268 400 1318 430 11.
1413 389 1497 452 147

131 454 346 501 nascendo
361 474 450 502 non
472 457 542 512 sit,
571 457 690 520 quod
708 458 931 504 moriendo
948 460 1177 517 crucifixit,
1199 463 1274 508 fiat
1296 464 1429 510 etiam
1451 467 1498 513 in

130 540 257 570 carne
275 537 420 573 nostra
434 527 688 587 justificatio
703 545 781 591 per
794 529 974 588 gratiam
995 566 1006 585 ‚
1026 530 1073 575 in
1093 548 1179 594 qua
1196 543 1287 578 erat
1305 545 1402 581 ante
1412 537 1500 582 col-

125 593 245 640 luvio
261 613 340 658 per
353 597 558 661 culpam?
579 599 641 643 Ac
657 615 734 660 per
747 599 834 644 hoc
847 599 1041 663 quinque
1057 601 1138 646 ista
1158 613 1314 659 vestra,
1334 605 1381 650 in
1393 607 1494 669 qui-

126 663 210 709 bus
244 667 427 712 maxime
473 668 638 712 terretis
671 667 871 713 homines
888 705 899 724 ‚
940 681 1195 728 argumenta
1223 708 1234 727 ‚
1276 690 1355 719 nec
1392 675 1497 721 alios

125 744 334 795 poterunt
354 737 626 798 perturbare,
651 754 730 782 nec
756 754 849 793 VOS,
877 738 911 783 si
929 739 1113 784 credatis
1132 741 1381 799 Ambrosio,
1401 744 1495 806 Cy·—

124 803 304 864 priano‚
333 806 569 865 Gregorio,
616 807 792 870 aliisque
831 809 1059 854 catholicis
1095 812 1253 857 sanctis
1284 813 1496 878 clarisque

124 873 400 931 doctoribus,
435 877 524 922 imo
547 894 648 923 vero
677 878 807 922 etiam
842 879 1116 942 vobisipsis,
1144 882 1279 941 legem
1304 885 1492 945 peccati,

123 960 223 1004 quae
254 945 362 990 inest
385 946 574 992 hominis
597 948 802 993 membris
830 965 1076 1011 repugnans
1107 950 1189 1009 legi
1208 954 1379 1008 mentis,
1407 971 1495 1016 qua

122 1029 222 1057 caro
257 1017 529 1077 concupiscit
567 1016 794 1062 adversum
825 1019 1024 1080 spiritum
1040 1055 1051 1074 ,
1095 1020 1226 1065 etiam
1261 1022 1494 1084 baptizatis

119 1082 276 1127 sanctis
300 1084 489 1143 ingerere
510 1085 736 1147 pugnandi
752 1087 1063 1143 necessitatem,
1087 1100 1239 1135 contra
1261 1092 1386 1154 quid,
1414 1094 1495 1139 nisi

119 1162 270 1197 contra
290 1153 480 1198 malum?
506 1171 592 1200 non
609 1155 913 1211 substantiam,
944 1157 1018 1202 sed
1039 1159 1294 1205 substantiae
1316 1163 1488 1218 vitium,

120 1221 199 1266 Dei
223 1222 357 1281 gratia
382 1240 460 1268 nos
484 1234 758 1282 regenerante
796 1242 883 1270 non
900 1226 1230 1289 imputandum,
1257 1230 1337 1275 Dei
1358 1232 1492 1290 gratia

112 1293 293 1348 J'uvante
310 1291 588 1349 frenandum,
618 1294 697 1342 Dei
732 1295 868 1354 gratia
891 1300 1192 1343 remunerante
1214 1300 1491 1346 sanandum?

180 1361 234 1407 X.
267 1361 352 1407 Sed
396 1379 450 1407 ne
471 1363 581 1408 forte
622 1363 765 1420 dicas,
804 1375 955 1409 contra
993 1365 1080 1411 hoc
1115 1368 1262 1428 potius
1292 1386 1490 1431 pugnare

114 1430 373 1493 baptizatos,
398 1434 517 1496 quod
538 1434 622 1479 sibi
641 1435 725 1497 ipsi
756 1435 912 1497 prioris
929 1436 1031 1482 vitae
1050 1437 1162 1482 mala
1176 1440 1488 1485 consuetudine

112 1499 327 1558 fecerunt,
365 1520 454 1548 non
482 1514 632 1548 contra
647 1504 694 1549 id
715 1521 815 1549 cum
835 1521 922 1567 quo
947 1506 1037 1550 nati
1068 1517 1168 1551 sunt
1196 1525 1206 1552 :
1232 1524 1486 1571 quanquam

113 1570 146 1614 si
164 1571 250 1617 hoc
269 1573 394 1629 dicis,
411 1577 502 1633 jam
525 1574 683 1635 procul
701 1574 840 1619 dubio
859 1576 997 1620 cernis
1014 1586 1142 1638 atque
1159 1577 1378 1632 concedis,
1399 1595 1485 1624 esse

111 1640 155 1685 in
179 1641 356 1688 homine
382 1643 547 1705 aliquid
563 1643 681 1699 mali,
706 1643 825 1706 quod
846 1660 933 1688 non
959 1645 1122 1706 ipsum,
1143 1645 1216 1690 sed
1243 1657 1382 1692 reatus
1406 1649 1484 1710 qui

110 1727 156 1755 ex
177 1710 250 1756 illo
287 1723 536 1759 contractus
557 1712 715 1768 fuerat,
745 1712 966 1757 auferatur
983 1713 1028 1758 in
1050 1714 1268 1777 baptismo
1298 1734 1309 1761 :
1337 1727 1482 1763 tamen

110 1781 211 1842 quia
235 1799 390 1844 parum
431 1794 493 1829 est
521 1783 574 1828 ad
597 1783 730 1842 hujus
754 1783 1009 1845 quaestionis
1032 1784 1368 1842 absolutionem,
1398 1787 1480 1832 nisi

108 1851 233 1897 nobis
249 1870 296 1897 ex
310 1864 486 1916 peccato
504 1854 638 1916 primi
651 1853 844 1897 hominis
858 1854 1156 1911 ingeneratum
1174 1871 1259 1899 esse
1271 1866 1478 1901 monstre-

109 1930 179 1966 tur
195 1958 205 1975 ,
235 1922 338 1968 audi
359 1924 465 1986 quid
481 1923 582 1968 inde
597 1923 643 1968 in
670 1922 752 1967 alio
777 1921 875 1966 loco
907 1922 1143 1984 expressius
1161 1923 1279 1969 dicat
1302 1935 1474 1971 sanctus

109 1991 360 2038 Ambrosius
382 1993 427 2038 in
453 1992 714 2055 expositione
739 1990 961 2050 Evangelii
985 1992 1223 2037 secundum
1246 1995 1414 2040 Lucam
1432 1995 1470 2051 4,

106 2078 205 2106 cum
221 2062 396 2108 diversis
409 2063 566 2118 modis,
589 2063 645 2107 ab
665 2079 749 2106 una
770 2071 912 2105 tamen
927 2061 1073 2120 regula
1093 2062 1194 2107 fidei
1208 2080 1295 2108 non
1310 2064 1472 2111 abhor-

105 2132 315 2186 rentibus,
340 2143 544 2177 tractaret
562 2132 685 2176 illum
707 2131 873 2185 locum,
896 2130 974 2175 ubi
996 2131 1207 2177 Dominus
1224 2134 1298 2188 ait,
1321 2135 1366 2178 in
1387 2151 1471 2180 una

105 2199 234 2245 domo
252 2201 389 2247 dividi
421 2213 503 2247 tres
529 2202 730 2247 adversus
753 2200 878 2256 duos,
906 2211 947 2245 et
966 2200 1075 2245 duos
1101 2202 1302 2247 adversus
1326 2214 1408 2248 tres
1431 2205 1464 2250 2.

104 2290 123 2310 «
149 2271 333 2316 Possunt
349 2271 473 2317 etiam
488 2271 643 2326 videri,
661 2271 821 2332 inquit,
842 2287 940 2315 casa
955 2281 1083 2332 atque
1097 2271 1239 2316 anima
1251 2273 1306 2317 ab
1321 2273 1470 2332 odore,

104 2349 237 2394 tactu,
257 2351 467 2403 gustuque
482 2341 660 2385 luxuriae
688 2350 896 2401 separatae
922 2339 967 2383 in
995 2356 1079 2385 una
1097 2340 1227 2386 domo
1249 2359 1290 2386 se
1320 2343 1470 2389 adver-

101 2425 171 2454 sus
195 2410 458 2455 incursantia
473 2411 577 2456 vitia
607 2409 863 2463 dividentes,
891 2409 1166 2467 subjicientes
1195 2428 1238 2455 se
1261 2411 1342 2472 legi
1370 2414 1466 2470 Dei,

100 2490 364 2525 removentes
387 2498 428 2526 se
452 2499 475 2526 a
501 2481 591 2540 lege
614 2480 806 2542 peccati:
836 2496 1021 2540 quorum
1045 2479 1146 2524 licet
1169 2481 1372 2527 dissensio
1393 2501 1470 2545 per

99 2549 501 2609 praevaricationem
543 2550 673 2612 primi
698 2549 887 2593 hominis
913 2549 953 2591 in
979 2561 1174 2593 naturam
1210 2553 1397 2602 vti-terit,
1423 2563 1470 2596 ut

99 2633 374 2680 nequaquam
396 2620 478 2664 sibi
494 2620 674 2681 paribus
690 2618 744 2663 ad
757 2619 961 2663 virtutem
987 2617 1141 2662 studiis
1165 2621 1467 2674 convenirenu

148 2698 158 2719 ¹
183 2699 367 2730 Ambrosius
387 2700 417 2731 in
441 2703 565 2741 Lucam,
584 2701 638 2731 tib.
660 2711 689 2738 7.
708 2710 738 2730 n.
760 2706 834 2734 1031.
855 2715 898 2721 —
913 2696 927 2718 ⁴2
942 2700 1007 2728 Luc
1036 2707 1093 2735 xii,
1111 2701 1163 2729 52.

1271 2768 1336 2800 ιο.
