1843 3190
301 341 475 372 CONTRA
508 338 734 371 JULIANUM
768 337 1074 381 PELAGIANUM,
1112 339 1200 370 LIB.
1242 341 1311 372 ΙΙΙ.
1392 342 1472 389 191

114 405 245 462 vulis,-
267 405 467 469 nisiquia
499 405 589 451 hoc
623 403 853 450 Coelestius
883 404 1002 468 apud
1028 403 1336 464 Carthaginem
1359 408 1482 466 gestis

115 475 435 531 ecclesiasticis,
462 493 536 522 ora
564 475 800 521 christiana
833 492 922 520 non
962 475 1197 531 sustinens,
1228 475 1361 521 fassus
1400 488 1474 524 est.

116 546 333 591 Caeterum
355 562 459 605 rogo
482 556 541 601 te,
558 544 779 607 quomodo
806 555 948 607 potest
970 543 1151 603 intelligi
1180 544 1262 589 ista
1280 545 1480 608 redemp-

113 614 197 671 tio,
232 616 315 661 nisi
340 634 363 661 a
386 615 499 661 malo
515 652 526 671 ,
564 614 801 660 redimente
838 615 913 659 illo
948 614 1024 677 qui
1062 614 1236 659 redimit
1270 616 1405 661 Israel
1426 616 1481 661 ab

113 685 635 749 omnibusiniqui'tatibus
657 684 775 744 ejus1
796 688 813 730 Ξ)
832 685 919 730 [bi
935 685 1049 730 enim
1075 684 1316 747 redemptio
1339 697 1477 740 sonat,

111 753 366 814 intelligitur
392 766 434 800 et
472 754 695 818 pretium2
721 772 731 799 ι
760 765 802 799 et
832 754 950 817 quod
971 765 1033 799 est
1055 753 1143 799 hoc
1160 790 1171 809 ‚
1208 754 1290 799 nisi
1316 755 1482 817 pretio-

111 839 180 868 sus
199 825 371 885 sanguis
391 826 491 885 agni
508 824 776 870 immaculati
799 825 901 870 Jesu
929 824 1123 870 Christi?
1145 826 1208 869 De
1227 824 1315 870 hoc
1336 836 1480 871 autem

109 895 251 957 pretio
274 913 406 959 quare
429 897 483 941 sit
518 896 663 941 fusum
679 932 689 950 ,
726 895 833 958 quid
868 895 1182 954 interrogamus
1203 895 1368 941 alium?
1397 898 1480 941 Re-

110 964 312 1028 demptor
332 968 423 1029 ipse
442 966 714 1030 respondeat‚
738 965 857 1011 dicat
884 966 976 1029 ipse
998 976 1227 1012 mercator:
1249 987 1269 1007 «
1292 966 1376 1012 Hic
1396 977 1475 1022 est,

109 1055 131 1077 >³
147 1036 316 1099 inquit,
341 1038 514 1096 sanguis
549 1053 668 1081 meus
691 1037 766 1098 qui
790 1053 873 1098 pro
897 1035 1043 1081 multis
1065 1036 1311 1081 effundetur
1332 1036 1377 1082 in
1408 1054 1479 1082 re-

108 1125 132 1148 »
153 1106 398 1151 missionem
427 1106 749 1170 peccatorum3.
771 1128 791 1147 2>
821 1106 992 1165 Pergite
1014 1106 1180 1161 adhuc,
1206 1107 1372 1168 pergite
1392 1143 1404 1162 ‚
1438 1118 1479 1152 et

107 1175 221 1221 sicut
247 1175 392 1222 dicitis
407 1213 419 1233 ,
448 1176 495 1221 in
518 1185 788 1221 sacramento
812 1175 1046 1221 salvatoris
1071 1176 1353 1238 baptizantur
1369 1213 1380 1232 ,
1405 1176 1477 1223 sed

107 1262 196 1292 non
218 1245 468 1300 salvantur3
503 1246 802 1303 redimuntur,
824 1245 898 1291 sed
925 1263 1012 1292 non
1029 1245 1295 1300 liberantur3
1322 1246 1477 1293 lavan-

107 1328 196 1374 tur,
219 1317 291 1364 sed
310 1335 398 1364 non
417 1318 683 1376 abluuntur3
703 1318 999 1364 exorcizantur
1021 1329 1062 1364 et
1079 1319 1353 1364 exsufflantur
1367 1355 1378 1375 ‚
1404 1319 1477 1364 sed

107 1405 131 1433 a
152 1398 362 1451 potestate
381 1388 547 1434 diaboli
569 1406 657 1434 non
681 1399 897 1435 eruuntur
919 1407 930 1435 ι
951 1391 1011 1436 sic
1028 1389 1156 1435 etiam
1171 1388 1302 1435 dicite
1316 1426 1327 1445 ,
1354 1390 1476 1435 Fun-

106 1458 226 1506 ditur
250 1478 334 1524 pro
373 1460 432 1505 eis
465 1460 637 1519 sanguis
668 1460 713 1505 in
748 1460 1039 1506 remissionem
1063 1470 1342 1524 peccatorum
1365 1497 1376 1516 ,
1404 1460 1477 1506 sed

104 1530 267 1577 nullius
298 1530 469 1594 peccati
502 1530 750 1576 remissione
781 1530 1066 1577 mundantur.
1102 1530 1214 1575 Mira
1245 1540 1346 1575 sunt
1377 1546 1476 1592 quae

105 1601 266 1657 dicitis,
290 1619 401 1647 nova
424 1611 523 1647 sunt
563 1618 663 1664 quae
687 1600 830 1646 dicitis
854 1638 865 1655 ‚
897 1601 1002 1646 falsa
1026 1610 1125 1646 sunt
1162 1617 1263 1664 quae
1298 1600 1440 1646 dicitis
1463 1620 1473 1654 ;

104 1672 213 1718 mira
235 1683 479 1735 stupemus,
503 1688 615 1716 nova
628 1687 829 1716 cavemus
851 1707 860 1727 ‚
894 1670 998 1716 falsa
1023 1670 1340 1717 convincimus.

170 1744 225 1790 X.
267 1743 424 1788 Nonne
459 1741 550 1805 ipse
581 1741 750 1797 dixisti,
781 1762 801 1782 «
829 1740 1255 1787 Administrationem
1278 1740 1474 1803 corporis

103 1813 164 1858 sic
184 1815 329 1859 animo
346 1830 434 1858 esse
457 1812 730 1858 commissam
751 1848 763 1868 ,
792 1822 840 1857 ut
859 1811 1028 1857 fructus
1052 1811 1193 1874 operis
1216 1812 1336 1856 fieret
1360 1811 1472 1856 utri-

102 1901 186 1947 que
203 1884 446 1930 communis
459 1920 470 1939 ‚
493 1893 534 1928 et
554 1882 621 1929 vel
641 1883 814 1928 virtutis
834 1882 1030 1927 exercitae
1055 1880 1234 1941 gaudia,
1263 1881 1331 1928 vel
1353 1882 1474 1926 inso-

101 1952 248 1999 lentiae
264 1970 418 2017 poenas
436 1970 537 1999 cum
554 1956 645 2013 ejtis
662 1970 793 2015 quam
810 1953 885 1998 hic
905 1969 992 1997 non
1005 1952 1116 1997 bene
1134 1963 1318 2008 rexerat,
1335 1952 1474 1998 carnis

103 2023 331 2069 afflictione
348 2023 554 2069 sentiret?
579 2044 600 2065 n
626 2022 862 2086 Responde
881 2022 1030 2082 igitur,
1049 2038 1182 2085 quare
1204 2021 1251 2067 in
1274 2023 1360 2068 hac
1379 2023 1473 2086 ipsa

100 2094 188 2139 vita
222 2094 451 2139 afflictione
483 2094 623 2140 carnis
655 2093 797 2139 anima
818 2093 1038 2138 crucietur
1060 2091 1234 2137 infantis
1253 2129 1264 2149 ‚
1289 2097 1413 2153 cujus
1436 2093 1474 2139 ei

100 2164 302 2210 meritum
317 2201 327 2220 ‚
345 2165 447 2227 quia
464 2181 552 2209 non
576 2164 687 2210 bene
703 2165 855 2209 rexerit
879 2180 1049 2208 carnem
1067 2199 1078 2218 ,
1106 2162 1253 2208 adhuc
1276 2181 1363 2208 non
1388 2181 1473 2226 po-

99 2244 179 2280 test
194 2235 434 2298 imputari?
453 2256 474 2276 «
495 2235 706 2280 Naturam
724 2234 833 2279 dicis
855 2234 1094 2279 humanam
1112 2233 1159 2278 in
1172 2233 1354 2279 exordiis
1371 2252 1473 2280 nas-

99 2305 290 2350 centium
321 2305 582 2350 innocentiae
619 2304 718 2349 dote
746 2303 1024 2366 locupletem.
1053 2324 1073 2344 »
1107 2304 1309 2349 Fatemur
1342 2321 1466 2360 sane,

97 2385 310 2439 quantum
338 2374 392 2420 ad
416 2385 594 2437 peccata
617 2374 805 2437 pertinet
824 2373 1001 2437 propria
1026 2390 1037 2418 :
1060 2389 1161 2418 cum
1182 2384 1326 2419 autem
1340 2376 1469 2420 etiam

98 2445 295 2505 originali
317 2445 479 2504 negatis
503 2445 711 2489 obnoxios
730 2481 739 2500 ‚
764 2443 1018 2506 respondete
1035 2480 1045 2499 ‚
1073 2459 1161 2505 quo
1179 2444 1331 2489 merito
1354 2456 1473 2491 tanta

97 2515 346 2561 innocentia
369 2531 683 2577 nonnunquam
709 2531 850 2570 caeca,
875 2529 1190 2575 nonnunquam
1215 2513 1344 2558 surda
1369 2532 1470 2559 nas-

98 2588 248 2631 catur?
264 2584 395 2642 Quod
410 2584 563 2631 vitium
578 2585 706 2631 etiam
724 2585 863 2648 ipsam
877 2583 1061 2647 impedit
1080 2582 1211 2628 fidem
1229 2620 1241 2640 ,
1263 2586 1291 2629 Α
1299 2585 1471 2647 postolo

147 2667 252 2700 ¹Psal.
270 2679 378 2707 cxxix,
394 2670 424 2700 8.
443 2685 486 2691 -
500 2666 514 2690 ²
535 2679 546 2698 1
566 2665 649 2699 Petr.
672 2680 698 2706 ι,
718 2679 771 2709 ¹9·
790 2686 834 2693 —
854 2665 868 2690 3
889 2666 1003 2702 Matth.
1020 2677 1105 2704 xxvr,
1130 2666 1187 2696 28.
