1843 3190
248 360 422 392 CONTRA
455 361 681 395 JULIANUM
715 363 1021 408 PELAGIANUM,
1058 368 1146 399 LIB.
1188 370 1238 402 11.
1335 372 1420 421 179

55 425 307 486 Pelagianos
348 428 453 475 facis
469 465 480 486 ‚
521 446 609 475 non
643 429 897 477 erubescens
945 432 1088 480 dicere
1126 446 1169 481 et
1206 438 1392 485 scribere
1407 477 1418 496 ,

0 510 1 541 1
56 515 77 536 (ι
103 497 278 556 Majoris
307 498 390 544 tibi
408 516 494 544 esse
517 499 636 562 apud
657 500 797 546 Deum
821 502 970 561 gloriae
984 540 997 560 ‚
1026 504 1279 552 destitutam
1307 509 1423 554 veri-

0 573 2 610 1
54 576 184 612 tatem
220 568 363 613 tueri:
392 591 412 611 >2
443 570 629 615 multum
668 571 826 630 abjecti
855 583 896 617 et
927 590 1026 619 vere
1058 574 1256 623 destituti
1289 589 1419 636 sunt,

53 636 328 701 multumque
354 639 430 685 abs
455 650 493 684 te
518 640 732 702 pendent,
757 641 789 686 si
810 641 925 687 hanc
951 643 1270 692 intolerabilem
1301 665 1422 693 arro-

52 706 241 767 gantiam
262 725 348 754 esse
364 726 450 755 non
466 710 687 769 judicant,
711 727 797 773 qua
817 721 856 756 te
874 712 1003 758 etiam
1019 714 1123 777 ipsis
1145 715 1318 776 Pelagio
1335 718 1423 763 sci-

51 775 151 822 licet
173 787 213 822 61
227 778 447 835 (3116165110,
469 790 657 825 vestrum
678 781 875 826 omnium
892 781 1147 830 doctoribus
1171 788 1420 850 anteponis;

52 848 175 909 quasi
187 859 230 893 et
244 848 307 894 illi
316 853 408 909 jam
428 850 647 906 cesserint,
665 861 707 896 et
722 860 770 896 tu
787 853 1058 910 remanseris,
1075 855 1152 916 qui
1171 854 1424 903 destitutam

50 918 225 973 tuearis,
251 936 383 982 quam
409 921 629 966 veritatem
648 921 824 984 putatis.
849 921 1011 968 Verum
1039 925 1138 987 quia
1163 936 1203 971 te
1219 926 1421 984 delectat,

49 1004 137 1032 non
156 1005 380 1034 numerare
405 990 751 1046 multitudinem,
773 990 847 1036 sed
864 993 1109 1055 appendere
1127 996 1418 1057 paucitatem3

50 1059 234 1121 exceptis
256 1059 484 1120 J'udicibus
517 1061 781 1116 Palaestinis,
819 1062 896 1124 qui
936 1062 1136 1109 haeresim
1171 1076 1354 1111 Vestram
1376 1067 1423 1112 in

49 1129 249 1175 absoluto
285 1130 457 1189 Pelagio
487 1129 826 1186 damnaverunt,
866 1148 994 1193 quem
1018 1132 1173 1179 timore
1195 1151 1422 1198 compres-

48 1216 145 1246 sum
177 1201 401 1261 Pelagiana
419 1201 512 1263 ipsa
535 1200 738 1260 dogmata
759 1200 967 1248 damnare
989 1209 1251 1262 coegerunt,
1273 1206 1422 1251 decem

47 1274 274 1335 episcopos
288 1276 380 1332 jam
404 1270 634 1316 defunctos
651 1281 693 1315 et
714 1287 847 1316 unum
866 1272 1170 1335 presbyterum
1194 1275 1274 1320 tibi
1294 1275 1425 1335 hujus

48 1360 190 1389 causae
210 1343 398 1406 opposui
411 1342 597 1403 judiceS,
625 1342 701 1404 qui
725 1340 777 1386 de
797 1341 871 1387 illa
893 1359 994 1388 cum
1030 1344 1105 1390 hic
1137 1345 1328 1391 viverent
1346 1350 1424 1406 ju-

47 1414 317 1461 dicaverunt.
346 1414 391 1459 Si
414 1425 554 1460 vestra
578 1413 876 1458 consideretur
899 1415 1113 1476 paucitas,
1139 1417 1265 1462 multi
1293 1428 1421 1464 sunt:

47 1486 80 1530 si
100 1484 335 1530 multitudo
361 1483 681 1530 catholicorum
707 1484 1012 1547 episcoporum
1032 1523 1043 1541 ,
1066 1489 1278 1549 perpauci
1301 1499 1416 1535 sunt.

41 1557 103 1602 Ex
121 1555 284 1618 quibus
302 1572 465 1618 papam
485 1555 791 1600 Innocentium
809 1566 851 1600 et
869 1556 1175 1618 presbyterum
1206 1557 1422 1621 Hierony-

41 1644 158 1672 mum
186 1626 404 1671 retrahere
424 1625 599 1671 fortasse
635 1626 821 1671 tentabis
842 1643 851 1669 :
890 1626 1039 1681 istum,
1064 1627 1168 1690 quia
1191 1627 1417 1688 Pelagium

41 1697 380 1759 Coelestiumque
415 1696 662 1748 damnavitg
688 1696 830 1750 illum,
858 1696 961 1759 quia
990 1696 1036 1741 in
1060 1697 1239 1742 Oriente
1267 1709 1419 1744 contra

39 1767 262 1827 Pelagium
277 1765 559 1818 ⁴catholicam
578 1765 709 1811 fidem
733 1766 805 1828 pia
834 1765 1074 1811 intentione
1093 1765 1301 1814 defendit.
1332 1767 1418 1813 Sed

38 1838 127 1898 lege
139 1855 240 1902 quae
257 1836 375 1884 dicat
390 1836 436 1882 in
448 1837 623 1882 laudem
640 1836 876 1881 beatissimi
895 1853 1023 1899 papae
1040 1837 1279 1883 Innocentii
1294 1838 1417 1884 Pela-

39 1910 200 1969 gius‚et
221 1908 318 1954 vide
339 1919 486 1953 utrum
500 1906 603 1952 tales
624 1905 750 1951 facile
769 1905 904 1969 possis
924 1906 1094 1965 judices
1116 1906 1323 1954 invenire.
1350 1909 1414 1953 De

37 1980 113 2026 illo
132 1990 273 2025 autem
292 1989 441 2024 sancto
463 1977 732 2041 presbytero,
756 1976 832 2039 qui
848 1975 1089 2021 secundum
1113 1977 1294 2036 gratiam
1313 1994 1413 2041 quae

38 2052 139 2098 data
158 2063 219 2098 est
232 2051 287 2106 ei,
307 2050 366 2096 sic
385 2051 429 2095 in
447 2048 638 2095 Ecclesia
653 2048 888 2101 laboravit,
910 2047 1248 2093 uteruditionem
1261 2049 1412 2094 catho-

37 2122 166 2169 licam
191 2122 378 2168 multum
401 2121 445 2166 in
465 2120 618 2165 Latina
637 2119 786 2178 lingua
810 2117 958 2163 multis
972 2128 1013 2163 et
1034 2119 1278 2164 necessariis
1293 2118 1412 2165 litte-

36 2195 94 2240 ris
117 2195 358 2254 adjuvaret,
380 2209 467 2237 non
485 2191 592 2236 solet
614 2189 813 2248 Pelagius
840 2188 1059 2247 jactitare,
1090 2189 1208 2233 nisi«
1229 2190 1349 2253 quod
1373 2191 1411 2236 ei

36 2275 243 2327 tanquam
266 2261 423 2308 aemulo
452 2259 671 2305 inviderit.
702 2280 721 2299 n
747 2258 831 2302 Sed
856 2257 956 2302 11010
979 2275 1026 2302 ex
1049 2258 1135 2303 hoc
1157 2258 1238 2303 tibi
1257 2259 1409 2305 videa-

36 2348 107 2382 tur
129 2336 182 2381 de
204 2336 385 2380 istorum
412 2347 592 2376 numero
617 2328 817 2388 judicum
844 2327 1144 2374 retrahendus,
1179 2328 1277 2374 Non
1295 2331 1410 2376 enim

36 2411 124 2467 ejus
149 2404 403 2451 sententiam
424 2401 568 2464 posui,
595 2416 727 2461 quam
752 2409 943 2459 tempore
966 2397 1293 2444 inimicitiarum
1308 2416 1409 2445 con-

35 2487 101 2522 tra
112 2487 301 2522 vestrum
321 2472 461 2518 tenuit
480 2481 520 2515 et
552 2468 744 2514 defendit
764 2484 978 2520 errorem3
1011 2467 1083 2512 sed
1106 2485 1237 2530 quam
1262 2471 1409 2531 posuit

0 2570 5 2597 ς
37 2547 80 2592 ‘n
98 2545 268 2608 scriptis
287 2543 389 2598 suis,
420 2542 530 2587 liber
557 2540 611 2585 ab
632 2539 748 2584 omni
774 2537 917 2582 studio
944 2539 1150 2600 partium,
1179 2549 1408 2601 antequam

69 2614 303 2663 amnabilia
321 2624 461 2660 vestra
479 2611 686 2670 dogmata
713 2608 991 2671 pullularent.

100 2684 326 2733 XXXVII.
357 2684 420 2727 Dc
444 2681 617 2743 reliquis
654 2696 754 2724 sane
786 2695 872 2722 non
914 2677 1048 2723 habes
1083 2677 1261 2722 omnino
1289 2681 1407 2741 quod

1170 2762 1237 2792 12.
