1843 3190
252 306 424 338 CONTRA
460 306 686 338 JULIANUM
723 303 1028 347 PELAGIANUM,
1067 306 1158 338 LIB.
1201 308 1260 337 lv.
1339 293 1428 355 287

61 373 170 418 libet
193 371 364 417 alterius
382 409 392 423 ,
429 382 656 435 antequam
681 371 998 434 interponeres,
1033 372 1274 418 cautissime
1311 390 1431 435 prze-

61 442 233 488 locutus
255 460 296 488 es
314 479 325 498 ‚
348 464 368 484 α
392 441 523 499 Quod
540 441 636 487 ideo
661 442 741 486 sub
765 442 999 488 bestiarum
1020 443 1242 488 occasione
1258 460 1431 488 sexuum

63 523 210 573 tangat
236 514 434 558 effectum
450 549 461 568 ‚
490 513 592 575 quia
612 523 792 575 propter
817 513 1086 558 honestatem
1112 513 1199 558 hoc
1222 513 1267 558 in
1284 513 1434 559 homi-

62 582 127 628 nis
143 582 434 646 descriptione
457 583 682 646 praeteriit.
714 604 734 624 »
760 581 878 639 Quid
899 593 961 627 est
978 619 988 637 ‚
1021 604 1042 624 c<
1063 585 1249 646 Propter
1270 583 1432 628 hones-

62 656 226 700 tatem?
247 676 268 696 n
289 656 356 701 An
376 655 419 700 in
437 671 534 700 sexu
558 653 748 699 hominis
779 654 980 699 honestas
1005 654 1290 699 confunditur
1308 690 1318 709 ‚
1357 654 1435 698 ubi

63 725 177 770 Deus
197 735 402 789 tanquam
421 726 465 770 in
489 724 785 770 excellentiore
809 735 966 769 natura
992 724 1164 784 dignius
1195 726 1433 788 operatur?

65 794 149 840 Sed
168 794 412 841 docuerunt
428 805 468 840 te
487 795 623 841 Stoici
644 793 866 858 disputare
887 794 940 840 de
955 794 1136 840 occultis
1149 832 1158 850 ‚
1182 812 1262 840 nec
1277 794 1436 840 docue-

64 877 167 911 runt
190 867 438 912 erubescere
462 865 514 911 de
537 865 770 929 pudendis.
804 865 1014 925 AdJ'ungis
1047 865 1203 911 deinde
1222 903 1233 922 ,
1262 887 1281 908 α
1307 867 1435 922 Quo-

64 936 195 982 modo
228 937 371 1000 ipsum
409 937 634 982 hominem
675 936 869 982 oratione
926 936 1159 999 depingat,
1206 947 1254 981 ut
1295 935 1403 981 dicis
1421 971 1431 990 ‚

64 1016 106 1051 et
140 1006 361 1069 quomodo
386 1006 566 1051 disserat
600 1006 683 1051 alvi
714 1017 914 1052 naturam
961 1007 1186 1052 stomacho
1217 1023 1302 1052 esse
1329 1005 1438 1051 sul)-

59 1079 221 1136 jectam
237 1113 248 1131 ,
268 1075 388 1139 quod
406 1076 496 1121 cibi
510 1087 551 1120 et
568 1076 756 1139 potionis
770 1077 824 1121 sit
838 1076 1159 1140 receptaculum
1179 1094 1189 1121 :
1211 1076 1438 1140 pulmones

66 1155 208 1191 autem
243 1156 284 1191 et
311 1163 386 1191 cor
420 1146 676 1191 extrinsecus
710 1148 913 1209 spiritum
943 1146 1165 1191 adducant
1193 1164 1202 1191 :
1232 1146 1368 1191 multa
1394 1145 1440 1190 in

68 1216 165 1263 alvo
198 1217 457 1262 mirabiliter
497 1218 673 1274 effecta,
708 1235 808 1281 quae
843 1227 1089 1263 constarent
1121 1235 1167 1263 ex
1201 1217 1368 1270 nervis3
1400 1227 1441 1261 et

67 1287 186 1350 quod
214 1287 267 1332 sit
296 1286 521 1350 multiplex
546 1298 586 1333 et
612 1298 800 1333 tortuosa
820 1325 831 1343 ,
868 1299 1095 1352 arceatque
1124 1298 1166 1333 et
1193 1287 1438 1342 contineat,

68 1358 154 1404 sive
178 1357 289 1403 illud
310 1358 481 1403 aridum
506 1359 560 1403 sit
578 1396 588 1415 ,
626 1359 713 1404 sive
743 1358 977 1404 humidum
1003 1358 1123 1422 quod
1156 1358 1366 1422 receperit
1391 1375 1400 1402 :
1424 1379 1444 1398 n

68 1439 110 1474 et
135 1439 291 1474 caetera
325 1428 581 1488 hujusmodi
611 1446 746 1491 usque
772 1429 824 1474 ad
849 1429 958 1474 illud
975 1466 984 1484 ‚
1018 1450 1037 1469 «
1059 1427 1443 1485 Quemadmodum

69 1498 263 1561 reliquiae
284 1498 372 1543 cibi
396 1498 671 1562 depellantur
688 1536 698 1554 ‚
729 1510 819 1544 tum
842 1499 1176 1559 astringentibus
1203 1516 1244 1545 se
1274 1498 1442 1544 intesti-

69 1569 135 1614 nis
150 1606 160 1625 ,
192 1579 283 1614 tum
309 1568 615 1616 relaxantibus.
644 1591 662 1610 ›>
682 1569 794 1614 Cum
816 1587 915 1628 ergo
932 1581 1074 1632 posset
1090 1570 1219 1615 etiam
1238 1569 1279 1614 in
1299 1568 1445 1613 bestiis

69 1640 149 1685 ista
177 1639 448 1695 describere,
491 1657 567 1685 cur
594 1640 695 1686 inde
719 1639 773 1685 ad
804 1640 1025 1686 hominem
1053 1640 1283 1686 transitum
1314 1639 1441 1693 fecit,

71 1711 152 1757 nisi
174 1711 276 1774 quia
301 1711 380 1756 ista
403 1710 612 1775 pudenda
636 1729 723 1757 non
748 1722 871 1765 sunt3
902 1712 1012 1757 sicut
1036 1729 1114 1758 nec
1140 1712 1185 1757 in
1206 1711 1353 1757 bestiis
1371 1709 1445 1756 illa

73 1781 126 1827 de
149 1798 323 1827 sexuum
349 1781 605 1841 genitalibus
626 1793 753 1846 atque
776 1782 970 1837 naturis
1002 1799 1101 1846 quae
1122 1792 1264 1827 tamen
1295 1781 1338 1826 in
1360 1781 1447 1826 ho-

72 1853 187 1898 mine
211 1852 417 1915 pudenda
442 1856 570 1898 sunt‘)
595 1871 643 1898 oa
667 1870 794 1898 causa
818 1853 994 1916 utique,
1019 1870 1105 1916 qua
1128 1853 1332 1915 primitus
1349 1861 1449 1914 post

72 1932 301 1986 peccatum
340 1921 453 1967 foliis
489 1922 684 1968 ficulneis
721 1922 930 1986 adoperta
966 1940 1013 1968 su
1019 1933 1079 1968 mit
1125 1924 1236 1967 Nam
1269 1938 1370 1967 cum
1404 1921 1449 1966 in

75 1993 365 2055 descriptione
390 1992 574 2038 humani
598 1993 793 2056 cornoris
817 2010 952 2056 usque
976 1992 1031 2038 ad
1062 1992 1134 2038 illa
1164 2003 1347 2038 extrema
1371 2008 1449 2037 ve-

74 2064 230 2119 nisset,
250 2080 335 2126 qua
354 2062 442 2108 cibi
462 2062 654 2126 reliquiae
675 2063 956 2126 depelluntur
973 2081 983 2108 :
1007 2084 1026 2104 α
1044 2061 1445 2120 Quemadmodum,

72 2133 242 2196 inquit,
285 2134 387 2188 fiat,
427 2132 548 2177 haud
579 2150 678 2178 sane
709 2132 883 2178 difficile
907 2133 1030 2179 dictu
1062 2144 1123 2178 est
1149 2151 1158 2178 :
1196 2132 1270 2178 sed
1303 2144 1450 2177 tamen

76 2202 428 2268 praetereundum
448 2241 458 2258 ‚
495 2220 547 2248 ne
570 2203 677 2266 quid
700 2203 863 2249 habeat
897 2203 1228 2262 injucunditatis
1257 2203 1406 2248 oratio.
1431 2222 1452 2243 >³

80 2276 177 2319 Non
209 2274 315 2319 dixit
347 2273 640 2328 confusionis,
679 2274 745 2319 vel
778 2292 829 2320 ne
859 2273 967 2336 quid
1000 2273 1257 2337 pudendum
1288 2273 1452 2318 habeat

79 2345 242 2399 oratio,
276 2344 349 2389 sed
377 2365 396 2385 «
421 2345 483 2389 Ne
511 2344 618 2408 quid
653 2343 998 2404 injucunditatis.
1025 2366 1045 2386 n
1083 2343 1176 2389 Alia
1207 2353 1307 2388 sunt
1336 2342 1449 2387 enim

78 2431 179 2478 quae
203 2414 428 2459 horrorem
459 2414 661 2474 ingerunt
696 2414 916 2470 sensibus,
952 2413 1072 2477 quod
1107 2413 1316 2459 deformia
1342 2413 1451 2463 sint;

81 2486 164 2531 alia
185 2502 286 2549 quae
308 2485 520 2548 pudorem
541 2485 758 2531 mentibus
776 2522 787 2540 ,
820 2485 984 2530 etiamsi
1002 2485 1190 2531 formosa
1209 2485 1294 2530 sint
1316 2501 1325 2528 :
1354 2482 1456 2544 quia

81 2556 155 2602 illa
171 2556 395 2601 offendunt
417 2555 746 2602 delectationem
768 2593 778 2611 ‚
801 2566 1076 2602 commovent
1096 2566 1238 2601 autem
1260 2556 1337 2599 ista
1359 2553 1458 2599 libi-

86 2626 231 2673 dinem
254 2664 262 2683 ,
293 2626 360 2677 ,vel
385 2624 567 2672 libidine
586 2637 929 2673 commoventur.
