1843 3190
310 297 325 326 1
340 279 400 334 24
712 288 748 320 s,
790 283 1033 319 Aueusrmr
1068 283 1272 319 Emscom

305 373 484 405 manum
512 354 646 420 pallio
667 353 889 410 subdidit,
918 369 964 398 os
986 363 1029 399 et
1055 352 1228 400 vultum
1255 352 1460 403 formavit
1479 355 1535 403 ad
1552 373 1678 405 vere-

309 429 513 476 cundiam
529 465 541 484 ,
566 426 621 472 ad
644 437 878 472 extremum
903 435 1044 470 totum
1067 441 1108 470 se
1125 424 1188 470 illi
1206 462 1217 481 ,
1247 425 1300 471 ad
1323 443 1452 489 quem
1482 428 1681 476 deriden-

306 501 412 546 dum
433 508 631 554 venerat,
651 496 919 560 discipulum
944 495 1149 549 tradidit3
1182 495 1243 541 sic
1268 507 1310 542 et
1329 508 1375 543 tu
1398 498 1680 562 loquentibus

308 570 389 615 tibi
426 579 490 614 tot
514 565 835 614 venerabilibus
866 565 970 612 viris
992 602 1003 621 ,
1035 565 1302 629 maximeque
1329 567 1535 631 episcopo
1569 570 1680 615 Am·-

303 639 451 685 brosio
471 639 517 683 in
539 636 783 696 integritate
807 634 1040 680 catholicae
1062 634 1163 680 fidei
1186 637 1316 681 etiam
1339 636 1402 682 tui
1435 637 1538 683 mali
1569 639 1681 684 doc-

308 709 410 754 toris
433 719 475 754 et
500 706 742 769 deceptoris
775 722 846 750 ore
878 704 1107 761 laudato‘l,
1135 716 1176 750 et
1199 706 1416 769 episeopis
1445 708 1606 754 Basilio
1640 719 1682 754 et

307 780 475 824 Joanne
492 815 503 834 ,
539 793 647 840 quos
681 786 723 820 tu
741 792 915 838 quoque
948 775 995 819 in
1018 775 1174 819 sanctis
1198 775 1378 820 eruditis
1400 777 1591 823 veridica
1615 789 1682 823 at-

309 848 532 894 testatione
556 845 764 908 posuisti,
788 855 996 906 tanquam
1016 860 1199 888 coronas
1220 845 1489 890 ebriosorum
1515 847 1681 906 abjice-

306 935 369 963 res
389 916 539 962 laudes
559 915 909 974 Pelagianorum,
928 913 1092 976 quibus
1109 924 1317 976 tanquam
1337 931 1518 974 magnus
1532 933 1682 963 eorum

307 987 504 1033 defensor
529 983 764 1036 extolleris3
785 993 827 1027 et
847 982 1025 1044 stylum,
1054 992 1103 1026 ut
1129 982 1278 1028 mitius
1302 982 1498 1040 dixerim,
1527 996 1683 1031 contu-

306 1056 530 1102 meliosum
545 1091 556 1110 ,
576 1071 664 1098 non
680 1064 886 1116 tanquam
906 1052 1040 1115 pallio
1061 1051 1243 1115 pudoris
1268 1053 1555 1100 absconderes
1573 1092 1584 1111 ,
1608 1056 1683 1101 sed

307 1138 515 1189 tanquam
533 1139 668 1168 manu
687 1121 977 1168 emendatiore
1002 1121 1292 1180 confringeres
1305 1142 1316 1180 3
1348 1132 1560 1186 tuumque
1580 1142 1682 1188 pec-

306 1208 374 1242 tus
398 1194 575 1241 veritate
595 1191 907 1256 complendum
923 1228 934 1246 ‚
958 1208 1047 1236 non
1071 1190 1300 1236 Platonico
1320 1193 1584 1250 Xenocrati,
1608 1194 1682 1240 sed

305 1266 395 1311 istis
426 1262 723 1309 sacerdotibus
747 1261 1006 1307 Christianis
1025 1297 1035 1316 ,
1056 1259 1125 1307 vel
1153 1260 1299 1323 potius
1322 1261 1369 1306 in
1398 1261 1456 1306 eis
1479 1262 1563 1325 ipsi
1584 1266 1682 1308 Do-

304 1336 423 1380 mino
446 1332 646 1391 Christo,
670 1348 759 1377 non
784 1331 904 1378 Velut
932 1330 1009 1390 qui
1027 1346 1145 1375 nunc
1163 1330 1359 1392 primum
1377 1332 1566 1388 veneris,
1587 1343 1682 1378 tra-

304 1406 449 1460 dereS,
491 1403 564 1449 sed
592 1402 712 1449 velut
745 1402 822 1464 qui
850 1417 1105 1456 recesseraS,
1130 1400 1343 1447 redderes,
1374 1400 1507 1457 Quod
1542 1402 1576 1446 si
1600 1402 1683 1447 tibi

304 1474 533 1520 consilium
554 1489 699 1518 meum
719 1471 938 1535 displicet,
970 1487 1045 1530 age
1074 1480 1124 1515 ut
1145 1470 1305 1532 placet.
1336 1471 1429 1529 Ego
1457 1471 1571 1516 enim
1591 1472 1680 1518 etsi

303 1553 521 1591 correctus
536 1542 689 1597 fueris,
712 1558 813 1604 quae
832 1545 995 1601 majora
1012 1550 1112 1586 vota
1130 1556 1224 1584 mea
1244 1549 1361 1595 sunt,
1386 1540 1681 1587 abundantius

304 1613 654 1675 cumulatiusque
679 1611 878 1671 gaudebo
899 1628 909 1655 ι
935 1621 977 1655 et
998 1610 1054 1665 si,
1082 1608 1203 1672 quod
1240 1609 1487 1666 abominor,
1525 1610 1570 1655 in
1594 1610 1681 1657 hac

302 1683 514 1748 pravitate
535 1681 819 1745 permanseris
836 1717 848 1737 ,
870 1697 918 1726 ex
937 1679 1187 1743 opprobriis
1204 1679 1289 1724 tuis
1306 1678 1585 1725 fructuosum
1602 1681 1681 1727 ha·-

301 1755 417 1800 bebo
435 1791 446 1809 ,
467 1764 508 1799 et
525 1770 606 1816 pro
630 1769 698 1797 me
723 1751 908 1797 coelestis
933 1749 1143 1796 mercedis
1166 1760 1470 1810 augmentum,
1493 1761 1537 1807 et
1559 1750 1611 1797 de
1638 1762 1681 1798 te

303 1824 593 1870 misericordis
619 1823 779 1868 doloris
812 1822 1026 1868 aculeum.

367 1895 570 1940 XXXVI.
614 1893 698 1938 Sed
716 1894 924 1955 quoniam
943 1896 1036 1952 jam
1056 1890 1225 1937 ostendi
1243 1927 1254 1947 ,
1284 1901 1393 1954 quot
1409 1901 1452 1937 et
1470 1891 1618 1956 quales
1637 1903 1681 1938 et

301 1975 486 2028 quantos
509 1964 624 2010 viros
654 1963 756 2008 fidei
783 1963 1015 2008 catholicae
1043 1961 1282 2008 defensores
1312 1972 1441 2024 atque
1472 1962 1676 2009 doctores

301 2034 428 2079 falsos
453 2034 585 2079 facias
606 2033 905 2079 Manichaeos:
935 2033 1036 2078 audi
1062 2037 1152 2092 jam
1176 2049 1430 2095 parumper,
1457 2033 1679 2079 inerudita

302 2104 539 2149 temeritate
555 2114 768 2167 quantum
792 2121 912 2149 veros
936 2103 1114 2163 adjuves
1132 2102 1418 2150 manichaeos.
1445 2103 1541 2148 Hoc
1562 2104 1680 2149 enim

302 2192 369 2221 me
391 2174 584 2221 secundo
608 2174 704 2220 loco
725 2175 1030 2238 disputationis
1053 2191 1160 2220 meae
1178 2174 1576 2220 demonstraturum
1593 2192 1680 2221 esse

302 2245 495 2308 promisi.
528 2245 790 2301 Manichaei,
812 2245 933 2307 quod
958 2244 1088 2290 etiam
1117 2255 1155 2290 te
1176 2244 1276 2290 satis
1296 2260 1418 2290 nosse
1443 2244 1675 2302 indicasti,

302 2316 409 2362 duas
438 2325 642 2371 naturas,
670 2332 802 2360 unam
824 2316 956 2373 boni,
984 2316 1160 2363 alteram
1186 2314 1317 2371 mali,
1340 2331 1388 2359 ex
1406 2315 1586 2362 diversis
1616 2325 1679 2361 at-

301 2405 385 2452 que
421 2388 533 2432 inter
568 2404 609 2432 se
641 2387 828 2434 adversis
861 2389 1171 2451 coaeternisque
1206 2387 1458 2450 principiis,
1485 2387 1680 2432 vanitate

301 2458 505 2518 sacrilega
524 2457 699 2504 nefandi
723 2460 877 2505 erroris
893 2460 1124 2506 inducunt.
1152 2460 1316 2505 Contra
1336 2475 1445 2521 quos
1460 2458 1679 2504 catholica

298 2531 430 2590 fides,
460 2532 539 2579 Dei
572 2535 878 2581 tantummodo
914 2536 1004 2582 sine
1042 2532 1166 2582 initio
1200 2541 1403 2579 naturam
1431 2528 1673 2595 praedicat,

348 2618 358 2640 ¹
382 2616 464 2650 Vide
480 2618 588 2650 valer.
606 2620 696 2653 Max.
712 2618 768 2653 lib.
786 2620 818 2652 6.
837 2629 864 2651 c.
882 2630 916 2662 9.
