1843 3190
311 315 486 346 CONTRA
521 315 750 347 JULIANUM
787 316 1101 358 PELAGtANUM,
1139 317 1227 349 Lm.
1269 320 1311 350 v.
1409 305 1501 369 357

119 380 239 446 quod
257 383 437 441 juvenes
462 381 648 441 agebant
666 418 677 437 ‚
703 391 745 427 et
767 382 822 427 ab
841 382 927 428 hoc
949 399 1078 446 opere
1102 399 1190 446 quo
1209 383 1338 429 etiam
1364 385 1502 431 conti-

119 469 224 498 nens
261 451 447 496 nimium
485 450 709 496 delectaris
726 488 737 508 ‚
779 469 859 497 nec
898 452 1054 498 effoetis
1088 464 1214 499 aetate
1243 456 1504 517 corporibus

119 533 318 586 parcant.
347 523 381 566 N
389 539 446 567 on
469 538 510 567 se
527 522 717 581 cogitent
735 533 952 586 quantum
974 522 1028 567 ad
1047 522 1243 570 libidinis
1264 525 1416 571 attinet
1432 526 1505 571 in-

121 593 291 639 centiva
309 630 320 648 ‚
340 593 543 649 senuisse.
565 603 614 637 ut
637 594 808 655 possint
830 596 1035 652 conjuges
1059 611 1324 656 permanere.
1357 596 1402 642 Si
1420 596 1506 641 1106

121 662 205 708 tibi
243 662 414 724 placet,
454 672 502 706 tu
527 661 701 709 videris.
749 664 841 723 Ego
880 673 1047 716 autem,
1097 664 1227 726 (quia
1267 664 1505 711 liberorum

121 730 495 795 procreandorum
538 747 665 776 causa
709 748 858 777 uxores
896 749 982 777 esse
1022 731 1246 778 ducendas
1262 771 1273 790 ,
1312 734 1515 781 honestas

123 802 335 849 consentit
351 802 545 848 humana
559 801 595 858 1,
620 803 818 866 quolibet
851 803 983 848 modo
1022 803 1198 849 libidini
1231 804 1359 852 cedat
1381 806 1510 852 infir-

123 872 308 935 mitas,)
348 883 507 935 praeter
539 872 670 918 fidem
705 890 838 936 quam
879 873 964 918 sibi
995 873 1158 918 debent
1187 879 1391 936 conjuges
1410 913 1421 932 ‚
1455 894 1510 922 ne

124 943 232 988 fiant
256 942 493 999 adulteria,
529 953 570 987 et
600 943 770 1006 prolem
798 947 925 1003 cujus
959 944 1216 1003 generandae
1240 962 1368 991 causa
1393 963 1512 992 sexus

125 1024 305 1077 uterque
341 1013 587 1059 miscendus
617 1025 703 1071 est,
747 1014 914 1060 adverti
952 1016 1080 1060 etiam
1133 1016 1307 1061 tertium
1341 1017 1512 1062 bonum

126 1083 246 1148 quod
266 1101 352 1130 esse
368 1084 413 1129 in
432 1084 692 1143 conjugibus
714 1084 872 1141 debet,
901 1086 1085 1130 maxime
1107 1087 1432 1148 pertinentibus
1455 1087 1512 1133 ad

126 1154 342 1218 populum
363 1154 468 1210 Dei,
502 1154 623 1218 quod
646 1155 756 1200 mihi
779 1155 921 1201 visum
950 1165 1013 1200 est
1037 1172 1124 1200 esse
1158 1156 1339 1219 aliquod
1364 1174 1512 1202 sacra-

127 1238 345 1282 mentum,
371 1243 425 1270 ne
441 1225 515 1271 dix
519 1225 680 1270 ortium
701 1226 777 1270 fiat
797 1225 864 1271 vel
899 1225 956 1270 ab
990 1242 1039 1270 ea
1066 1229 1253 1286 conjuge
1283 1244 1384 1290 quae
1422 1244 1514 1272 non

128 1306 270 1373 potest
292 1312 460 1372 parere,
489 1296 558 1341 vel
581 1295 691 1341 sicut
713 1295 862 1342 fecisse
881 1296 989 1341 Cato
1010 1296 1289 1359 perhibetur,
1309 1316 1362 1343 ne
1384 1298 1439 1343 ab
1459 1315 1508 1344 eo

129 1366 222 1412 viro
241 1365 319 1429 qui
341 1365 488 1431 plures
511 1383 599 1410 non
624 1365 718 1411 vult
750 1366 967 1429 suscipere
997 1366 1138 1421 filios,
1171 1366 1293 1412 alteri
1315 1367 1512 1414 foetanda

129 1435 369 1482 tradatur2.
409 1436 595 1498 Propter
620 1436 741 1481 1106
728 1453 773 1481 111
794 1436 869 1481 1110
890 1435 1011 1498 quod
1043 1437 1287 1482 secundum
1308 1439 1510 1498 Evange-

126 1507 235 1553 lium
259 1506 513 1565 conjugium
537 1507 821 1569 nuncupavi:
852 1528 873 1548 c<
895 1506 1059 1553 Omnia
1083 1508 1165 1553 tria
1183 1508 1301 1553 bona
1326 1509 1510 1571 nuptia-

126 1594 224 1623 rum
246 1576 332 1622 dixi
358 1593 444 1621 esse
463 1576 703 1639 completa3
730 1577 860 1622 fidem
877 1614 888 1633 ‚
912 1577 1016 1640 quia
1035 1577 1207 1623 nullum
1227 1577 1506 1632 adulterium3

127 1647 315 1713 prolem,
345 1647 489 1710 ipsum
507 1648 748 1693 Dominum
767 1648 993 1693 Christum
1014 1668 1025 1702 ;
1045 1659 1363 1694 sacramentum
1377 1686 1387 1705 ,
1406 1648 1511 1712 quia

124 1717 299 1763 -nullum
325 1716 578 1763 divortium.
605 1718 705 1762 Non
722 1735 822 1777 ergo
843 1717 945 1780 quia
969 1718 1055 1763 dixi
1075 1735 1202 1764 omne
1224 1719 1479 1782 nuptiarum
1494 1755 1507 1775 ,

129 1787 176 1833 id
194 1798 281 1843 est,
303 1786 390 1832 hoc
407 1787 674 1850 tripertitum
700 1788 869 1833 bonum
887 1825 899 1844 ,
935 1788 982 1833 111
1011 1787 1095 1833 illis
1127 1788 1291 1834 Christi
1311 1789 1508 1852 parenti-

130 1859 215 1904 bus
235 1857 364 1903 fuisse
384 1857 651 1920 completum
667 1895 678 1914 ,
700 1869 936 1922 propterea
958 1859 1046 1904 1106
1074 1858 1225 1904 dixisse
1253 1859 1402 1922 putari
1429 1859 1504 1905 de-

133 1930 239 1986 beo,
262 1929 374 1974 sicut
393 1928 615 1974 insimulas
635 1945 647 1974 ε
672 1950 693 1970 «
714 1930 771 1974 Ut
791 1929 1012 1993 quidquid
1034 1929 1154 1974 aliter
1171 1929 1321 1986 fuerit,
1346 1929 1512 1975 malum

134 2016 220 2046 esse
228 1999 441 2046 videatur.
467 2021 487 2041 ‚2
501 1999 613 2044 Dico
634 2000 749 2045 enim
767 2011 808 2046 et
823 2000 945 2045 aliter
958 2000 1126 2045 bonum
1141 2017 1227 2045 esse
1240 2001 1513 2060 conjugium,

136 2069 217 2116 uhi
242 2069 382 2134 proles
402 2068 485 2114 nisi
507 2086 585 2132 per
605 2070 896 2116 concubitum
918 2087 1006 2115 non
1025 2080 1172 2133 potest
1202 2071 1437 2133 procreari.
1469 2069 1516 2117 Si

137 2140 250 2185 enim
260 2139 382 2185 aliter
394 2149 556 2202 posset,
576 2150 617 2185 et
631 2151 775 2186 tamen
787 2140 1133 2186 concumberent
1143 2143 1366 2199 conjuges,
1384 2157 1515 2203 aper-

138 2210 297 2256 tissime
315 2209 493 2254 libidini
512 2209 730 2266 cederent,
746 2221 875 2274 atque
889 2210 964 2256 illo
983 2210 1098 2256 malo
1118 2221 1345 2256 uterentur
1369 2211 1481 2256 male
1499 2229 1511 2255 :

139 2297 241 2327 cum
261 2296 361 2327 vero
380 2290 563 2344 propter
594 2280 713 2343 quod
749 2297 868 2326 sexus
904 2281 1035 2326 ambo
1072 2291 1172 2326 sunt
1194 2280 1406 2337 instituti,
1433 2280 1517 2326 nisi

139 2368 290 2397 eorum
323 2350 629 2396 commixtione
666 2368 754 2397 non
782 2351 978 2398 nascitur
1014 2351 1150 2397 homo
1168 2370 1181 2405 ;
1215 2361 1396 2414 propter
1430 2351 1519 2396 1106

141 2420 262 2467 mixti
281 2424 486 2480 conjuges
502 2419 578 2465 illo
599 2420 714 2467 malo
741 2432 930 2467 utuntur
951 2421 1061 2466 bene
1080 2439 1090 2466 :
1114 2421 1148 2466 si
1171 2432 1316 2467 autem
1340 2420 1394 2469 de
1416 2420 1518 2466 libi-

142 2491 243 2538 dine
259 2501 469 2555 quaerunt
493 2491 624 2538 etiam
642 2492 915 2557 voluptatem
931 2530 943 2550 ‚
971 2492 1198 2539 venialiter
1219 2492 1345 2540 male.

191 2593 203 2615 ¹
223 2591 294 2624 Lib.
315 2604 344 2624 1.
373 2592 413 2624 de
434 2594 537 2636 Nupt.
555 2603 628 2636 cap.
661 2605 714 2626 10.
731 2610 777 2617 —
800 2592 816 2615 2
841 2595 922 2626 Cato
949 2590 1107 2624 Uticensis
1120 2591 1272 2630 Martiam
1288 2602 1421 2626 uxorem
1434 2602 1524 2625 suam

145 2649 239 2683 cessit
259 2647 444 2688 Hortensio,
462 2659 500 2681 ex
513 2646 678 2683 Plutarch.
693 2649 729 2681 in
741 2650 807 2693 ejus
824 2648 904 2692 vita,
922 2653 955 2681 et
965 2651 1083 2681 Lucam
1101 2648 1159 2682 lib.
1179 2659 1213 2682 a.
