1843 3190
123 325 299 359 con-nm
332 325 446 358 DuAs
480 325 714 358 EmsroLAs
750 325 1115 368 ΡΕιΑοῙΑΝοΒυΜ,
1154 325 1242 358 LIB.
1285 329 1345 358 1v.
1434 314 1493 377 73

123 394 213 438 Nec
231 405 413 456 propter
432 392 549 438 aliud
573 391 772 452 intelligit
797 392 1009 455 scriptum
1024 429 1034 448 ‚
1062 413 1082 434 α
1105 392 1214 449 Quis
1239 392 1497 452 gloriabitur

123 484 143 504 »
165 475 331 509 castum
359 481 401 509 se
425 464 586 509 habere
610 480 700 519 cor,
723 473 797 508 aut
813 463 909 526 quis
933 463 1191 524 gloriabitur
1214 463 1427 509 mundum
1454 483 1496 511 se

121 555 143 575 »
166 551 251 579 esse
282 552 305 579 a
337 532 587 597 peccatis1?
611 555 631 575 n
657 537 769 578 Puto
801 533 921 597 quod
958 551 1050 578 non
1080 533 1136 579 ab
1159 533 1250 579 istis
1272 533 1493 580 docendus

117 603 257 648 fuerat
276 604 523 666 Cyprianus
541 640 551 658 ‚
576 603 695 666 quod
715 603 880 666 optime
896 603 1061 649 sciebat
1078 641 1089 660 ,
1111 625 1131 645 «
1147 604 1199 648 In
1219 603 1368 649 futuro
1387 614 1492 650 tem·

118 690 225 736 pore
258 675 498 719 mercedem
525 691 611 719 esse
643 674 858 719 bonorum
883 691 1090 736 operum,
1114 673 1329 719 malorum
1350 685 1492 719 autem

117 743 386 806 supplicium
403 781 414 797 ‚
458 755 664 789 caeterum
700 745 915 790 neminem
954 761 1104 807 posse,
1147 761 1246 807 quae
1279 745 1354 790 hic
1380 762 1491 790 con-

122 814 368 876 tempserit,
393 813 482 859 illic
507 814 711 860 mandata
741 815 948 878 perficere
970 832 980 859 :
1005 837 1024 856 »
1045 825 1084 859 et
1107 825 1249 859 tamen
1273 815 1399 860 etiarn
1418 816 1492 878 ip·-

118 900 211 929 sum
250 884 491 947 apostolum
524 884 736 942 Paulum,
779 884 1084 930 mandatorum
1122 884 1370 930 divinorum
1404 902 1492 930 non

118 955 268 1016 utique
288 966 631 1017 contemptorem
649 992 659 1010 ‚
692 973 780 1000 non
807 956 864 1001 ob
892 955 1011 1001 aliud
1033 954 1234 1014 intelligit
1260 955 1492 1018 asseritque

117 1024 268 1069 dixisse
290 1042 300 1069 :
328 1047 345 1064 «
369 1026 481 1069 Mihi
502 1026 644 1070 vivere
672 1026 873 1070 Christus
896 1036 986 1080 est,
1015 1036 1056 1070 et
1088 1025 1197 1070 mori
1218 1025 1445 1077 lucrum²3
1470 1047 1490 1066 »

116 1094 194 1139 nisi
219 1095 321 1157 quia
350 1095 521 1140 lucrum
546 1095 777 1140 maximum
800 1095 1119 1157 computabat,
1141 1098 1230 1153 jam
1252 1104 1351 1156 post
1373 1094 1490 1140 hanc

115 1164 248 1209 Vitam
272 1165 555 1210 saecularibus
576 1165 741 1228 laqueis
760 1182 848 1210 non
872 1165 1030 1220 teneri,
1045 1168 1135 1224 jam
1157 1163 1288 1208 nullis
1305 1164 1493 1226 peccatis

115 1245 157 1279 et
175 1235 289 1279 vitiis
327 1236 468 1280 carnis
501 1235 737 1281 obnoxium
770 1235 878 1282 fieri.
916 1235 1056 1280 Sensit
1088 1251 1186 1293 ergo
1219 1233 1491 1279 beatissimus

117 1303 390 1366 Cyprianus,
435 1315 562 1368 atque
594 1305 638 1349 in
671 1304 919 1350 divinarum
955 1305 1286 1367 Scripturarum
1312 1303 1491 1349 veritate

114 1375 352 1437 perspexit,
376 1376 502 1420 etiam
527 1375 722 1438 ipsorum
749 1375 1052 1438 Apostolorum
1073 1374 1272 1437 quamvis
1294 1374 1454 1419 bonam
1474 1410 1484 1428 ,

115 1455 308 1488 sanctam
325 1482 334 1498 ‚
355 1448 604 1508 justamque
633 1446 765 1492 vitam
786 1483 796 1501 ‚
820 1444 1051 1491 nonnullos
1071 1461 1200 1489 nexus
1218 1443 1490 1489 saecularium

115 1513 367 1576 laqueorum
393 1514 520 1560 fuisse
544 1532 814 1578 perpessam,
841 1514 1063 1560 nonnullis
1086 1513 1276 1576 peccatis
1303 1523 1344 1558 et
1375 1513 1488 1557 vitiis

115 1584 254 1628 carnis
282 1585 509 1629 obnoxiam
529 1605 538 1637 ;
563 1596 603 1630 et
626 1585 724 1630 ideo
751 1602 822 1630 eos
839 1595 1022 1630 mortem
1041 1582 1298 1628 desiderasse
1314 1619 1324 1637 ‚
1348 1592 1397 1627 ut
1423 1582 1490 1627 his

113 1652 238 1697 malis
261 1665 479 1708 carerent,
507 1665 548 1699 et
574 1666 621 1699 ut
647 1655 700 1699 ad
725 1655 843 1699 illam
860 1691 870 1710 ‚
898 1671 997 1717 quae
1028 1653 1106 1698 ista
1137 1670 1224 1697 non
1248 1662 1486 1714 pateretur,

113 1738 192 1767 nec
212 1726 302 1782 jam
319 1724 362 1768 in
385 1724 591 1769 mandato
608 1723 805 1769 facienda
820 1761 829 1779 ‚
854 1723 925 1769 sed
943 1724 988 1768 in
1007 1722 1190 1786 praemio
1209 1720 1490 1784 percipienda

113 1802 218 1836 esset
236 1828 245 1845 ,
270 1792 506 1855 perfectam
524 1794 740 1852 justitiam
764 1793 1053 1856 pervenirent.
1083 1792 1232 1855 Neque
1252 1792 1365 1837 enim
1389 1807 1491 1836 cum

114 1863 277 1907 venerit
292 1863 412 1926 quod
434 1881 606 1909 oramus
625 1864 815 1910 dicentes
837 1882 847 1909 :
874 1886 893 1905 «
912 1864 1067 1909 Veniat
1081 1879 1260 1922 regnum
1280 1861 1450 1917 tuusnss,
1470 1883 1489 1903 n

113 1948 198 1976 non
221 1933 301 1978 erit
323 1933 366 1978 in
387 1933 461 1978 illo
487 1935 569 1979 Dei
595 1952 726 1994 regno
747 1934 1016 1994 ullajustitia
1040 1951 1050 1977 :
1079 1949 1177 1978 cum
1204 1932 1321 1978 dicat
1348 1935 1490 1995 Apos-

112 2000 224 2046 tolus
246 2020 256 2046 :
287 2023 303 2043 «
332 2004 429 2048 Non
456 2015 518 2049 est
534 2005 646 2049 enim
674 2022 853 2064 regnum
872 2005 952 2049 Dei
968 2021 1063 2049 esca
1081 2014 1122 2048 et
1143 2013 1293 2066 potus,
1317 2002 1491 2061 sedjus-

114 2092 133 2112 ›>
159 2072 250 2117 titia
275 2085 316 2117 et
340 2091 422 2135 pax
437 2085 477 2118 et
494 2074 701 2133 gaudium
716 2076 759 2120 in
778 2076 946 2138 Spiritu
961 2073 1153 2120 sanctol‘.
1182 2095 1201 2114 >2
1224 2073 1390 2135 Nempe
1410 2072 1490 2117 ista

113 2142 194 2186 tria
209 2142 320 2187 inter
345 2155 500 2188 caetera
520 2156 743 2207 praecepta
769 2145 917 2190 divina
935 2143 1270 2207 praecipiuntur.
1297 2142 1382 2186 Hic
1406 2158 1490 2186 no-

111 2211 179 2256 bis
193 2213 629 2275 praecipiturjustitia
649 2231 750 2259 cum
776 2215 964 2260 dicitur:
985 2234 1004 2255 «
1023 2213 1167 2258 Facite
1185 2211 1399 2272 justitiam
1412 2211 1444 2257 5.
1468 2232 1489 2252 ›>

112 2281 377 2345 Praecipitur
393 2301 476 2346 pax
491 2301 590 2328 cum
612 2284 775 2330 dicitur
792 2302 802 2330 t
821 2306 840 2326 α
861 2285 1021 2329 Pacem
1034 2283 1193 2327 habete
1210 2282 1321 2326 inter
1332 2281 1427 2326 vos6

109 2351 375 2414 Praecipitur
393 2352 600 2412 gaudium
624 2371 722 2398 cum
746 2354 908 2400 dicitur
934 2371 945 2398 ε
973 2374 993 2394 «
1017 2352 1213 2398 Gaudete
1230 2353 1276 2397 in
1300 2351 1488 2397 Domino

112 2440 131 2458 »
148 2436 322 2483 vsemper
334 2421 368 2468 7.
400 2444 418 2462 »
440 2424 605 2482 Negent
628 2440 728 2483 ergo
753 2423 973 2484 l'elagiani
1001 2423 1100 2468 haec
1122 2422 1270 2467 futura
1294 2423 1340 2467 in
1360 2438 1489 2481 regno

111 2489 217 2546 Dei,
242 2491 316 2535 ubi
343 2491 432 2536 sine
451 2493 536 2537 fine
550 2493 743 2539 vivemus
759 2531 770 2549 ‚
794 2504 868 2539 aut
886 2510 1023 2556 usque
1048 2491 1153 2537 adeo
1173 2492 1208 2537 si
1228 2491 1400 2539 videtur
1415 2491 1487 2535 in-

1432 2302 1488 2327 ,))

161 2589 169 2608 ¹
187 2590 277 2619 Prov.
293 2600 345 2627 xx,
395 2612 402 2619 .
427 2608 468 2613 -—
489 2589 503 2611 ²
524 2590 638 2632 Philip.
659 2603 687 2629 ι,
705 2603 758 2623 21.
775 2610 814 2616 —
832 2590 847 2614 3
864 2591 980 2625 Matth.
998 2603 1043 2629 vr,
1064 2603 1117 2626 ιο.
1136 2609 1183 2615 -·
1200 2588 1216 2613 ⁴
1231 2593 1324 2622 Rom.
1340 2599 1407 2628 xrv,
1429 2599 1483 2628 ¹7·

109 2659 155 2667 ——
168 2641 266 2675 ⁵1sa‘1‘.
285 2655 328 2683 m,
346 2655 376 2675 1.
392 2663 435 2670 —-
449 2643 464 2666 ⁶
482 2643 582 2680 Marc.
599 2657 643 2685 ix,
660 2653 717 2688 49.
735 2665 779 2672 —
795 2645 809 2669 ⁷
822 2646 945 2691 Philip.
969 2655 1015 2689 ιν,
1037 2653 1069 2683 4.
