1843 3190
298 276 475 310 comni
509 276 736 315 muman
770 277 1076 320 russanum,
1113 278 1200 309 mn.
1241 279 1284 312 v.
1383 265 1475 328 367

99 347 247 400 chaeos
270 346 388 398 unde
416 355 669 396 nascuntur.
701 345 822 401 Quos
844 357 885 396 et
908 346 1000 395 aliis
1028 346 1243 394 similibus
1259 348 1479 413 sententiis

98 418 185 468 tuis
204 427 419 480 quantum
442 415 689 478 adjuvares,
712 418 803 475 jam
818 417 862 463 in
886 417 1029 480 primo
1051 417 1187 477 hujus
1208 419 1344 464 nostri
1367 436 1477 482 ope-

98 488 156 538 ris
172 486 391 544 volumine
431 486 737 539 demonstravi.
781 487 893 536 Ecce
907 487 982 534 hic
1005 498 1046 535 et
1066 487 1186 551 quod
1209 487 1352 534 dixisti
1380 499 1478 534 tan-

99 556 294 609 tumdem
313 555 441 609 valet.
468 554 682 607 Vides-ne
713 555 841 606 nobis
872 573 1047 619 operam
1076 557 1284 614 dandam,
1313 569 1483 621 praeter

99 618 287 679 errorem
312 625 542 689 proprium
568 641 656 688 quo
692 624 915 685 pelagiani
944 626 1060 682 estiS,
1084 637 1133 675 ut
1154 629 1364 689 quasdam
1390 639 1485 675 tuas

101 696 348 751 sententias,
372 695 514 759 ‚qualis
543 705 586 741 et
610 694 690 745 ista
726 704 805 751 est,
847 705 1106 751 (1761ῑᾶ16115,
1143 697 1177 743 si
1214 697 1484 744 Manichaeos

98 767 272 820 vincere
289 764 523 820 volumus?
547 785 568 805 «
590 766 655 819 De
673 781 721 818 ea
744 781 790 818 re
814 781 914 828 quae
931 783 953 816 a
976 776 1160 828 peccato
1179 765 1317 812 libera
1337 777 1398 813 est
1421 767 1486 826 diff

102 836 163 883 cis
179 845 361 899 peccata
379 852 467 891 non
490 834 625 891 nasci.
657 833 743 891 Sed
767 835 924 899 veritas
947 835 1227 892 contradicit,
1251 853 1351 899 quae
1372 847 1414 883 te
1443 847 1486 883 et

101 905 372 961 Manichaeos
403 905 574 961 evertit,
605 921 705 951 cum
731 905 892 967 quibus
917 905 999 958 tibi
1023 922 1103 957 vox
1131 906 1213 953 ista
1239 906 1483 966 communis

101 985 177 1031 est.
219 975 408 1035 Angelus
432 990 563 1038 quem
602 974 763 1030 ¹creavit
787 975 919 1029 Deus,
968 993 1034 1027 res
1071 993 1094 1027 a
1125 974 1309 1038 peccato
1348 976 1487 1026 libera

101 1044 213 1102 fuit3
234 1044 369 1101 homo
386 1061 516 1108 quem
540 1043 735 1106 primum
751 1040 915 1090 creavit
933 1046 1067 1100 Deus,
1093 1062 1158 1092 res
1178 1063 1201 1101 a
1220 1056 1401 1108 peccato
1425 1046 1486 1097 li—

101 1114 206 1173 bera
227 1112 325 1171 fnit.
357 1115 422 1166 De
447 1113 576 1170 rebus
590 1114 724 1173 igitur
747 1131 770 1159 a
789 1124 972 1176 peccato
990 1114 1137 1169 liberis
1155 1126 1257 1169 nata
1276 1133 1361 1171 esse
1373 1133 1483 1179 pec-

103 1193 218 1243 cata,
242 1183 321 1247 qui
342 1193 486 1245 negat,
506 1193 582 1229 aut
595 1183 867 1242 Manichacus
879 1193 943 1230 est
961 1183 1229 1241 manifestus,
1252 1195 1325 1238 aut
1348 1185 1486 1241 Mani-

104 1253 240 1313 chaeis
258 1253 523 1314 suffragatur
541 1253 758 1310 incautus,

168 1325 262 1384 LX.
295 1323 462 1383 Deinde
481 1341 647 1388 ponens
678 1324 761 1382 alia
789 1325 924 1372 verba
946 1342 1042 1377 mea
1065 1325 1126 1378 sic
1150 1326 1481 1387 argumentaris,

105 1393 230 1457 quasi
252 1409 329 1453 ego
359 1392 537 1451 dixerim
562 1411 573 1440 :
613 1415 634 1436 ε(
657 1394 769 1452 Cum
795 1395 924 1443 servit
962 1396 1202 1454 conjugatis
1243 1396 1298 1449 ad
1319 1413 1488 1460 propa-

106 1462 293 1524 gandam
326 1463 520 1526 prolem,
559 1475 664 1514 tunc
686 1464 895 1510 honorari
914 1465 1202 1517 libidinem.»
1244 1467 1366 1519 Dicis
1402 1466 1487 1519 tibi

105 1534 198 1597 ipse
216 1533 339 1598 quod
362 1535 452 1582 vis.
474 1552 575 1580 nam
602 1552 680 1595 ego
703 1535 791 1593 1106
813 1553 892 1591 nec
918 1535 1004 1581 dixi
1028 1537 1225 1593 omnino,
1254 1554 1332 1589 ,1166
1357 1537 1481 1587 sensi.

106 1604 343 1666 Quqmodo
369 1622 484 1651 enim
499 1605 640 1652 l1b1do
665 1621 767 1665 cum
792 1606 922 1652 servit
940 1606 1200 1663 honoratur,
1230 1607 1409 1684 quando
1433 1624 1487 1661 ne

108 1684 260 1738 pergat
278 1674 325 1720 in
341 1675 500 1735 liberos
525 1692 734 1732 excessus,
756 1675 1054 1733 dominatione
1087 1678 1242 1733 mentis
1268 1677 1490 1740 opprimi-

110 1747 211 1791 tur's)
243 1745 331 1791 Nos
363 1745 512 1809 itaque
538 1763 627 1801 non
660 1746 844 1805 diximus
868 1768 888 1788 «
911 1747 1093 1810 Semper
1117 1747 1171 1793 ad
1197 1759 1365 1804 reatum
1385 1765 1492 1811 per-,-

110 1814 246 1861 tinere
267 1815 332 1872 uti
357 1815 557 1876 libidine.
582 1837 602 1858 >2
630 1816 763 1872 Quod
786 1817 905 1863 velut
940 1817 1191 1875 (1111611111115,
1214 1818 1274 1871 ,ita
1294 1818 1490 1877 colligis:

111 1886 297 1931 «Minus
329 1902 510 1948 peccare
533 1886 749 1945 adulteros
769 1904 902 1950 quam
944 1888 1148 1942 maritos;
1182 1889 1286 1951 quia
1308 1889 1492 1949 maritis,

111 1954 275 2018 inquis,
303 1954 443 2000 libido
464 1956 593 2002 servit
613 1967 661 2002 ut
683 1968 884 2019 peccent,
914 1957 1162 2003 adulteris
1149 1968 1348 2021 imperat.
1372 1978 1391 1998 ›
1409 1956 1495 2010 Sed

113 2040 216 2089 cum
234 2041 311 2085 ego
335 2024 448 2089 illud
475 2043 562 2077 non
592 2026 790 2082 dixerim,
834 2026 1155 2091 qualecumque
1173 2028 1260 2073 1106
1286 2028 1340 2083 sit
1375 2038 1499 2085 tuum

111 2094 235 2158 quod
260 2106 472 2159 tanquam
502 2113 765 2161 consequens
788 2114 875 2142 esse
894 2096 1087 2152 voluisti,
1117 2098 1230 2143 nihil
1253 2097 1306 2143 ad
1331 2113 1400 2142 1116
1429 2106 1498 2142 at-

117 2165 237 2212 tinet.
265 2165 357 2224 Ego
378 2165 492 2210 enim
511 2165 630 2223 (1160,
653 2166 718 2212 uti
736 2166 920 2212 libidine
934 2183 1023 2212 non
1045 2185 1213 2230 semper
1232 2184 1318 2213 6556
1341 2183 1504 2230 pecca-

117 2243 209 2301 111111
227 2254 240 2302 3
260 2235 362 2301 quia
382 2235 496 2281 malo
518 2236 629 2282 bene
666 2237 729 2282 uti
766 2254 854 2297 non
879 2247 940 2282 est
964 2249 1210 2300 peccatum.
1256 2239 1345 2284 Nec
1372 2254 1500 2300 quaer-

118 2321 307 2367 cumque
330 2322 394 2350 res
416 2304 512 2351 ideo
552 2307 668 2352 bona
711 2317 789 2361 est,
815 2307 918 2369 quia
950 2324 998 2352 ea
1034 2307 1146 2365 bene
1179 2310 1316 2365 utitur
1338 2307 1495 2366 bonus,

120 2374 232 2434 ,Nam
272 2385 313 2420 et
340 2375 394 2431 de
431 2375 608 2432 duobus
644 2377 767 2428 homi
753 2377 900 2439 nibus
936 2378 1151 2441 scriptum
1180 2389 1280 2426 est:
1322 2399 1341 2419 c<
1370 2377 1503 2423 Filius

120 2466 142 2503 ,2³
166 2428 361 2512 §ruditus
381 2447 550 2510 sapiens
572 2448 668 2503 elit,
687 2447 968 2512 imprudente
1001 2459 1144 2507 autem
1173 2449 1369 2507 ministro
1408 2458 1507 2495 ute-

125 2536 147 2573 p>
171 2525 242 2582 tur
276 2514 310 2563 4.
339 2538 360 2560 »
385 2507 621 2582 Numquid
641 2518 739 2579 ideo
763 2519 931 2581 bonum
954 2529 1017 2585 est
1039 2535 1126 2577 esse
1165 2505 1506 2582 imprudentem,

179 2599 190 2620 ¹
211 2600 304 2630 Prov.
324 2609 357 2636 x,
374 2600 463 2641 juxta
479 2609 550 2631 Lxx.
