1843 3190
314 322 488 353 CONTRA
525 323 752 355 JULIANUM
788 325 1092 368 PELAGIANUM‚
1136 328 1223 359 1113.
1259 330 1300 361 v.
1399 316 1486 362 361

118 390 220 436 (13111
246 389 377 435 1110ἀο
394 426 405 445 ,
429 401 470 435 01
497 390 543 434 111
575 390 783 436 memoria
811 391 1110 449 recondimus,
1145 403 1188 438 et
1218 411 1496 460 quocumque

116 461 336 525 pergimus
355 498 365 511 ,
398 460 625 506 nobiscum
644 459 819 506 ferimus
838 480 848 507 :
871 480 950 508 nec
967 463 1054 509 illae
1076 476 1340 510 recesserunt
1357 484 1379 511 a
1402 484 1495 512 cor-

119 532 301 594 poribus
319 530 422 585 suis,
439 541 480 575 et
498 541 641 574 tamen
653 530 706 575 ad
720 548 797 576 nos
810 532 1000 577 mirabili
1013 533 1143 578 modo
1163 535 1322 580 affectis
1340 537 1496 582 nostris

121 601 315 646 sensibus
337 599 610 645 transierunt.
636 600 868 655 Quomodo
897 612 1039 647 autem
1059 602 1112 647 de
1132 621 1312 666 corpore
1336 605 1391 650 ad
1411 606 1497 669 spi-

120 671 253 716 ritum
274 707 284 726 ‚
315 687 363 715 eo
394 669 523 714 modo
556 680 780 715 transeunt
812 670 865 716 de
898 671 1054 734 spiritu
1089 672 1142 717 ad
1171 690 1343 736 corpus.
1383 675 1495 720 Nam

119 741 282 787 colores
305 740 524 799 virgarum
545 756 651 802 quas
676 740 862 785 variavit
886 740 1074 798 ι1300111,
1106 742 1331 789 afficiendo
1372 754 1496 790 tran-

115 812 277 856 sierunt
301 811 347 856 in
369 810 532 855 animas
566 827 777 872 pecorum
814 822 1004 857 matrum
1023 849 1033 867 ‚
1067 824 1194 876 atque
1228 814 1330 860 inde
1350 831 1498 861 rursus

115 880 263 926 eadem
288 881 512 926 affectione
548 880 812 926 transeundo
846 894 1146 945 apparuerunt
1169 883 1214 928 in
1238 885 1497 947 corporibus

116 952 319 998 filiorum.
364 952 468 997 Tale
503 968 604 998 vero
636 951 801 1014 aliquid
832 959 960 999 etiam
997 954 1043 1000 in
1079 953 1261 1000 foetibus
1292 955 1498 1002 humanis

112 1039 238 1085 posse
259 1022 507 1081 contingere
523 1059 533 1077 ‚
559 1022 749 1067 Soranus
776 1023 1009 1069 medicinae
1031 1035 1183 1070 auctor
1204 1025 1496 1072 nobilissimus

114 1093 267 1138 scribit
283 1129 293 1148 ‚
317 1103 359 1138 et
380 1093 575 1156 exemplo
602 1094 835 1139 confirmat
860 1094 1069 1142 historiae.
1102 1096 1214 1141 Nam
1238 1096 1497 1159 Dionysium

114 1174 350 1226 tyrannum
369 1164 570 1219 11311312,
601 1180 649 1208 eo
674 1164 794 1225 quod
815 1165 906 1228 ipse
926 1165 1131 1211 deformis
1145 1176 1272 1222 esset,
1293 1183 1373 1211 1100
1398 1166 1499 1212 tales

113 1233 277 1278 hahere
316 1233 428 1278 filios
468 1233 618 1289 vellet,
657 1234 778 1279 uxori
806 1251 895 1280 suae
924 1236 970 1281 in
994 1235 1235 1281 concubitu
1263 1235 1497 1281 formosam

113 1320 360 1366 proponere
390 1303 522 1349 solere
559 1303 806 1366 picturam,
834 1309 959 1365 cujus
981 1305 1361 1369 pulchritudinem
1384 1322 1494 1350 con-

114 1373 381 1436 cupiscendo
405 1373 597 1437 quodam
626 1374 757 1420 modo
786 1387 983 1438 raperet,
1017 1387 1058 1422 et
1087 1376 1131 1421 in
1167 1375 1335 1439 prolem
1361 1392 1496 1439 quam

115 1444 394 1507 concipiebat
410 1444 636 1490 afficiendo
658 1445 976 1492 transmitteret.
993 1447 1143 1509 Neque
1165 1445 1279 1490 enim
1297 1446 1413 1490 Deus
1435 1445 1497 1491 ita

115 1524 291 1560 naturas
311 1525 445 1569 creat,
474 1525 521 1560 ut
545 1515 655 1575 leges
679 1514 860 1573 auferat,
878 1533 985 1580 quas
1005 1517 1124 1562 dedit
1140 1516 1332 1562 motibus
1349 1516 1496 1561 unius-

115 1588 324 1647 cujusque
345 1596 525 1632 naturae.
564 1585 636 1631 Sic
671 1598 713 1632 01
746 1587 851 1633 vitia
881 1605 980 1633 cum
1007 1588 1091 1633 sint
1119 1588 1166 1632 in
1200 1587 1395 1645 subjecto
1412 1623 1424 1642 ‚
1452 1603 1500 1632 ex

114 1655 373 1718 parentibus
399 1666 542 1701 tamen
561 1656 606 1701 in
626 1657 737 1702 filios
752 1694 763 1713 ‚
787 1675 876 1703 non
902 1659 1023 1721 quasi
1046 1658 1426 1717 transmigratione
1442 1657 1496 1703 de

115 1742 192 1770 suo
218 1726 415 1785 subjecto
440 1727 486 1771 in
506 1726 750 1786 subjectum
768 1728 951 1774 alterum
966 1766 977 1784 ,
1003 1729 1124 1792 quod
1142 1728 1236 1773 fieri
1261 1745 1348 1773 non
1371 1744 1495 1790 posse

116 1798 346 1856 categoriae
361 1796 449 1842 illae
466 1814 572 1860 quas
590 1797 727 1857 legisti
744 1799 960 1845 verissime
980 1798 1242 1852 ostendunt3
1265 1797 1356 1854 sed,
1375 1795 1496 1860 quod

116 1883 205 1911 non
233 1866 458 1927 intelligis,
487 1869 709 1914 affectione
725 1879 767 1914 et
788 1871 1044 1929 contagione
1066 1878 1383 1932 pertranseunt.

184 1937 284 1982 LII.
316 1937 438 1994 Quid
458 1947 519 1983 est
538 1938 659 2000 quod
671 1938 845 1984 laboras
861 1939 1028 1998 magnis
1049 1937 1500 1999 argumentationibus

117 2007 341 2071 pervenire
380 2007 434 2052 ad
477 2008 712 2071 impietatis
754 2010 1010 2072 abruptum,
1036 2019 1086 2055 ut
1121 2031 1142 2051 z<
1178 2008 1342 2054 Christi
1366 2023 1491 2063 0310,

117 2078 222 2141 quia
243 2078 297 2123 de
323 2078 464 2123 'Maria
479 2088 606 2123 natus
620 2089 698 2134 051,
723 2083 847 2138 cujus
861 2080 1037 2139 virginis
1058 2096 1160 2125 caro
1184 2079 1295 2124 sicut
1314 2088 1493 2123 0301010-

119 2166 216 2193 rum
235 2149 431 2193 omnium
466 2165 513 2193 ex
542 2148 682 2193 Adam
714 2148 858 2194 fuerat
887 2160 1145 2212 propagata3
1171 2148 1284 2194 nihil
1315 2147 1446 2193 distet
1473 2165 1497 2193 a

121 2237 248 2265 031110
271 2220 460 2282 peccati,
491 2230 533 2264 et
556 2219 644 2264 sine
670 2220 758 2265 ulla
782 2220 1060 2265 distinctione
1086 2219 1322 2283 Apostolus
1344 2218 1497 2264 dixisse

120 2290 344 2345 credatur,
366 2306 465 2334 eum
492 2289 620 2335 fuisse
646 2291 826 2335 missum
850 2291 897 2335 in
919 2290 1200 2335 similitudine
1223 2289 1364 2335 carnis
1389 2304 1502 2351 pec-

121 2361 208 2406 cati
231 2359 248 2387 3
272 2377 282 2404 :
307 2381 327 2400 >2
347 2359 436 2404 imo
470 2359 621 2421 potius
641 2359 796 2416 instas,
824 2371 872 2405 ut
894 2360 1013 2405 nulla
1028 2360 1082 2405 sit
1106 2377 1206 2405 caro
1230 2359 1419 2422 peccati,
1443 2377 1495 2405 ne

120 2430 209 2476 hoc
232 2430 292 2476 510
316 2441 358 2476 01
381 2430 545 2475 Christi
561 2433 579 2475 ,ὓ
597 2451 617 2471 »
637 2430 756 2486 Quid
770 2441 831 2476 est
855 2447 955 2490 ergo
973 2429 1212 2476 similitudo
1230 2429 1372 2474 carnis
1386 2446 1495 2492 pec-

122 2501 208 2546 cati
224 2537 236 2557 ,
265 2499 300 2545 si
332 2500 452 2546 nulla
481 2510 542 2546 est
566 2517 667 2546 caro
686 2501 886 2565 peccati?
913 2522 934 2543 α
963 2500 1048 2547 Sed
1071 2501 1188 2547 hanc
1211 2499 1493 2564 apostolicam

170 2598 182 2619 ¹
201 2600 283 2629 Gen.
302 2607 378 2636 xxx,
404 2598 459 2638 37,
479 2602 512 2629 et
535 2607 624 2640 seqq.
651 2615 694 2622 ——
713 2596 728 2620 ²
744 2597 828 2630 Vide
844 2597 902 2630 lib.
930 2609 948 2630 2
969 2600 1112 2630 Retract.
1132 2608 1204 2640 cap.
1224 2598 1279 2628 62.
1301 2612 1347 2619 —-
1372 2592 1387 2618 3
1401 2598 1497 2628 Rom.

124 2665 196 2697 vm,
220 2655 253 2687 3.
