1843 3190
255 306 429 339 CONTRA
462 304 686 337 JULIANUM
722 305 1025 348 PELAGIANUM,
1065 306 1151 339 ΜΒ.
1194 309 1234 340 v.
1333 298 1424 365 337

64 384 104 419 te
127 382 269 418 autem
289 371 533 435 praedicare
552 388 639 416 non
665 370 829 433 pudet,
854 392 874 413 ε(
892 371 1315 421 Commendatiorem
1337 380 1431 426 ficri

62 454 215 507 putas,
245 442 366 506 quod
388 443 426 488 ei
448 441 668 498 serviunt,
710 451 759 488 ut
789 441 1008 487 ardentius
1038 442 1260 501 excitetur,
1301 449 1431 496 etiam

65 524 234 559 caeterae
250 514 444 591 corporis
460 523 628 576 partes,
655 513 743 559 sive
766 512 881 558 oculi
905 512 1097 559 videntes
1117 515 1171 560 ad
1195 521 1433 584 concupis—

65 584 276 640 cendum,
303 584 390 631 sive
408 583 490 628 alia
511 583 731 629 membra
720 601 765 628 in
783 582 939 628 osculis
957 593 999 628 et
1021 585 1314 663 amplexibus
1305 593 1324 620 Ἴ)
1342 592 1437 638 Au-

65 672 130 700 res
161 671 335 718 quoque
367 654 557 700 hominis
592 654 814 717 quomodo
849 654 887 699 ei
922 653 1160 700 subderes
1149 660 1373 718 invenisti,
1397 674 1440 707 et

67 725 232 770 erexisti
254 728 346 784 ejus
375 724 712 771 vetustissimum
739 722 943 787 quidem,
970 723 1044 769 sed
1070 724 1199 787 plane
1221 728 1441 788 gloriosis-

67 796 226 841 simum
249 795 452 852 titulum,
480 812 825 841 commemorans
844 794 997 858 quod
986 812 1032 840 ln
1053 799 1313 858 expositione
1333 819 1443 847 con-

69 866 265 911 siliorum
295 882 471 911 suorum
509 865 678 911 Tullius
706 865 882 928 posuit:
914 865 1073 921 «Quia
1104 882 1205 912 cum
1236 870 1447 916 vinolenti

46 939 49 942 ’
71 935 362 981 adolescentes
380 935 587 981 tibiarum
616 935 745 981 etiam
766 945 896 981 cantu
912 972 922 991 ,
947 946 994 980 ut
1017 936 1082 992 fit,
1110 935 1322 997 instincti,
1352 957 1448 987 mu-

70 1005 185 1051 lieris
204 1006 381 1069 pudicae
400 1006 511 1052 fores
531 1006 804 1066 frangerent3
826 1006 1099 1052 admonuisse
1122 1008 1371 1068 tibicinam,
1402 1023 1451 1058 ut

73 1077 316 1140 spondeum
352 1088 551 1134 caneret,
585 1077 858 1140 Pythagoras
893 1076 1084 1122 dicitur:
1113 1079 1235 1141 quod
1255 1097 1356 1126 cum
1376 1081 1450 1127 illa

72 1147 263 1204 fecisset,
299 1147 501 1193 tarditate
536 1147 769 1192 modorum
793 1158 835 1192 et
858 1147 1064 1206 gravitate
1092 1159 1244 1195 cantus
1274 1150 1452 1196 illorum

73 1217 288 1264 furentem
311 1217 600 1281 petulantiam
622 1216 836 1263 resedisse.
863 1238 883 1258 >2
913 1216 1042 1262 Vides
1068 1234 1166 1278 ergo
1189 1236 1323 1282 quam
1342 1238 1453 1266 con-

76 1288 298 1347 gruentius
321 1305 398 1347 ego
419 1287 596 1333 dixerim
611 1324 623 1343 ,
649 1286 712 1332 sui
726 1287 838 1346 J'uris
854 1287 970 1332 hanc
988 1304 1072 1332 esse
1092 1289 1283 1351 quodam
1302 1291 1452 1344 modo,

77 1358 150 1403 cui
173 1358 355 1405 servitur
380 1358 435 1403 ab
458 1357 550 1403 aliis
572 1357 764 1403 sensibus
779 1393 790 1413 ,
820 1368 869 1402 ut
898 1358 944 1402 in
968 1374 1079 1420 opus
1108 1375 1234 1405 suum
1255 1360 1457 1421 dignetur

79 1445 296 1488 assurgere
316 1465 327 1485 ,
351 1428 419 1474 vel
441 1446 464 1473 a
488 1444 565 1473 sua
582 1427 874 1473 commotione
899 1428 1178 1490 requiescere.
1210 1430 1307 1476 Hoc
1340 1431 1456 1476 enim

79 1515 156 1558 ego
173 1498 272 1544 ideo
301 1497 413 1554 dixi,
436 1497 540 1561 quia
562 1498 675 1543 sicut
694 1498 785 1560 ipse
814 1497 1032 1544 confessus
1055 1515 1120 1555 es,
1139 1521 1158 1540 ε(
1179 1501 1461 1547 Consentitur

83 1569 121 1613 ei
143 1568 290 1632 potius
312 1585 446 1631 quam
462 1568 714 1631 imperatur.
738 1589 758 1610 >2
774 1569 885 1613 Nam
903 1579 945 1613 et
962 1568 1082 1631 quod
1109 1590 1128 1610 α
1146 1569 1252 1616 Aliis
1270 1572 1462 1617 concita-

80 1650 154 1685 tur
172 1638 355 1685 stimulis
372 1675 384 1695 ,
407 1638 475 1685 vel
499 1638 796 1684 modulamine
818 1639 1032 1699 frangitur
1048 1650 1089 1684 et
1104 1639 1296 1698 sedatur,
1312 1662 1331 1683 n
1350 1642 1463 1687 sicut

83 1710 175 1773 ipse
193 1708 465 1772 prosequeris
481 1746 493 1765 ,
515 1708 710 1772 profecto
727 1725 816 1754 non
834 1710 956 1755 fieret
973 1746 985 1766 ,
1015 1710 1048 1754 si
1073 1710 1248 1756 serviret
1272 1711 1463 1757 hominis

84 1779 315 1827 voluntati.
347 1780 560 1825 Foeminae
579 1789 747 1835 autem,
775 1796 882 1843 quas
908 1780 962 1825 ab
990 1781 1071 1825 isto
1095 1791 1219 1826 motu
1250 1781 1463 1827 immunes

85 1850 191 1896 facis
207 1887 218 1906 ,
246 1849 444 1913 quamvis
468 1849 636 1913 possint
656 1849 771 1895 virili
808 1850 1176 1913 concupiscentiae
1210 1851 1435 1910 subjacere
1450 1889 1461 1909 ‚

86 1930 130 1965 et
166 1919 342 1983 quando
377 1936 466 1964 non
500 1918 733 1981 patiuntur
768 1935 919 1972 suam3
957 1930 1098 1964 tamen
1132 1931 1344 1982 quantum
1375 1925 1467 1981 ers

87 1990 217 2035 etiam
240 1990 347 2053 ipsae
373 1990 578 2035 sufferant
603 1988 841 2052 impetum,
879 1989 951 2035 cui
985 2000 1201 2052 repugnat
1226 1990 1356 2036 decus
1386 1992 1468 2036 ho-

88 2072 314 2124 nestasque
334 2071 550 2106 castarum
565 2095 577 2116 ,
599 2060 888 2120 interrogetur
911 2059 1123 2123 Josepl11.
1149 2060 1348 2106 Debuisti
1368 2079 1468 2107 sane

90 2131 226 2177 homo
260 2129 570 2176 ecclesiasticus
605 2129 893 2176 ecclesiastica
942 2129 1109 2175 musica
1149 2130 1296 2192 potius
1335 2148 1468 2195 quam

91 2200 388 2264 Pythagorica
427 2200 720 2256 commoneri,
747 2200 856 2263 quid
883 2200 1096 2247 Davidica
1135 2200 1304 2246 cithara
1337 2203 1470 2262 egerit

91 2274 138 2319 in
165 2271 292 2316 Saule
307 2307 318 2325 ,
343 2268 520 2332 quando
544 2269 658 2315 malo
683 2270 838 2332 spiritu
853 2271 1106 2324 vexabatur,
1132 2280 1175 2314 et
1191 2281 1391 2331 tangente
1410 2272 1470 2317 ci—

95 2343 268 2388 tharam
287 2350 435 2386 sancto
449 2340 505 2385 ab
517 2339 592 2385 illa
608 2339 805 2385 molestia
816 2341 1085 2404 respirabat2
1100 2358 1110 2385 :
1128 2340 1288 2386 neideo
1299 2341 1470 2387 bonum

97 2412 259 2476 aliquid
283 2411 492 2457 existimes
516 2412 917 2474 concupiscentiam
936 2412 1078 2459 carnis
1096 2449 1107 2468 ,
1135 2412 1237 2475 quia
1261 2429 1471 2459 nonnun-m

95 2501 225 2549 quam
243 2484 415 2529 musicis
429 2483 664 2528 cohibetur
681 2484 809 2531 sonis.

163 2554 322 2600 XXIV.
348 2552 480 2610 Quod
505 2563 649 2598 autem
667 2553 775 2599 (licis
791 2553 1029 2602 exclamans
1049 2572 1060 2601 :
1088 2577 1110 2599 «
1131 2556 1169 2603 O
1190 2572 1324 2619 quam
1346 2553 1477 2614 digne

148 2637 157 2659 ¹
181 2639 261 2669 Gen.
285 2647 392 2674 xxxix,
415 2649 445 2675 7.
470 2654 510 2660 -
532 2634 546 2658 ²
571 2648 582 2667 x
605 2639 683 2679 Reg.
705 2648 770 2677 xvi,
791 2639 847 2671 23.

235 2707 365 2737 CXLII.
941 2750 944 2753 v
1296 2708 1351 2738 2⁶2
