1843 3190
99 269 274 300 CONTRA
309 268 424 300 DUAs
458 267 691 304 EPISTOLAS
726 266 1096 307 RELAGIANORUM,
1131 268 1218 298 Lm.
1262 268 1321 299 1v.
1402 252 1464 300 55

95 335 180 381 bus
202 335 383 395 gratiam
409 351 530 380 suam
549 333 703 379 daret?
739 332 857 388 Quid
884 332 1000 378 enim
1032 331 1140 377 boni
1168 331 1361 377 faceretis
1381 332 1469 378 ho-

96 406 231 451 mines
263 406 394 458 mali;
421 415 463 450 et
485 403 708 466 quomodo
748 404 828 448 ista
863 403 980 448 bona
1002 401 1197 447 faceretis
1215 438 1226 452 ,
1262 402 1342 446 nisi
1366 403 1472 447 boni

95 477 267 521 essetis?
296 478 352 521 Ut
378 485 518 520 autem
539 473 738 518 homines
761 473 845 518 sint
870 473 993 527 boni,
1022 473 1122 535 quis
1140 470 1269 526 facit,
1296 471 1377 516 nisi
1402 472 1472 516 ille

97 546 173 608 qui
199 546 304 591 dixit
329 564 339 591 :
367 567 386 588 «
412 546 467 589 Et
491 544 676 589 visitabo
703 561 790 598 eos,
819 555 866 589 ut
886 560 956 588 eos
979 543 1119 587 honos
1139 540 1359 586 faciamw
1382 564 1401 582 »
1421 542 1475 586 Et

93 615 169 677 qui
189 615 293 659 dixit
308 652 318 668 ,
345 635 365 656 ι(
385 614 597 676 Spiritum
620 630 762 658 meum
783 613 901 658 dabo
921 613 966 657 in
999 612 1123 658 vobis
1140 648 1150 666 ‚
1182 621 1224 655 et
1250 610 1408 655 faciam
1427 616 1475 656 ut

94 685 175 730 »in
194 685 584 744 justificationibus
609 684 712 729 meis
738 683 990 737 ambuletis,
1016 693 1058 728 et
1080 682 1247 742 judicia
1269 698 1361 726 mea
1387 681 1471 726 ob-

94 755 303 800 »servetis
326 766 367 799 et
395 754 562 800 faciatis
579 754 625 800 ΣΞ)
646 775 665 796 ι)
686 755 837 799 Ita—ne
871 753 1068 798 nondum
1091 751 1329 811 evigilatis?
1352 752 1477 797 lNon-

95 823 202 869 dum
227 824 384 879 auditis
400 861 411 880 ,
442 824 616 869 Faciam
630 834 678 868 ut
699 823 949 879 ambuletis,
968 822 1122 868 faciam
1142 832 1189 867 ut
1210 822 1463 878 observetis,

92 905 335 957 postremo,
378 895 533 940 faciam
555 905 602 939 ut
621 893 820 940 faciatis?
850 893 968 950 Quid
994 893 1143 938 adhuc
1167 910 1241 938 vos
1273 893 1469 939 inflatis?

93 966 184 1009 Nos
208 965 385 1027 quidem
421 964 718 1019 ambulamus,
753 982 903 1011 verum
927 975 1013 1018 est;
1046 981 1123 1009 nos
1155 964 1434 1009 observamus
1458 1001 1469 1020 ,

92 1051 173 1078 nos
197 1033 380 1078 facimus
410 1051 419 1078 :
449 1033 521 1078 sed
548 1033 618 1078 ille
654 1033 759 1079 facit
784 1044 832 1078 ut
858 1033 1130 1078 ambulemus
1149 1070 1158 1088 ‚
1187 1043 1235 1078 ut
1269 1033 1473 1077 observe-

91 1120 187 1148 mus
207 1140 218 1159 ,
245 1114 294 1149 ut
317 1102 541 1149 faciamus.
564 1103 673 1149 Haec
694 1114 755 1148 est
777 1104 913 1162 gratia
938 1105 1019 1148 Dei
1038 1104 1178 1148 honos
1195 1102 1355 1148 faciens
1375 1120 1469 1157 nos,

89 1172 187 1218 haec
206 1184 268 1218 est
289 1173 582 1219 misericordia
601 1177 692 1232 ejus
712 1173 980 1236 praeveniens
1001 1190 1092 1219 nos.
1119 1172 1238 1228 Quid
1254 1183 1472 1218 merentur

89 1242 272 1298 deserta,
298 1253 340 1287 et
366 1244 668 1299 exterminata,
697 1254 739 1288 et
761 1244 935 1297 effossa;
969 1260 1068 1306 quae
1094 1253 1238 1288 tamen
1271 1242 1468 1291 aedifica-

86 1313 270 1368 buntur,
294 1324 333 1359 et
352 1315 723 1377 operabuntur,et
742 1314 1019 1359 munientur?
1039 1313 1264 1375 Numquid
1277 1312 1375 1358 haec
1386 1330 1467 1376 pro

87 1384 250 1429 meritis
269 1383 538 1439 desertionis,
563 1385 944 1440 exterminationis,
967 1384 1201 1429 effossionis
1223 1387 1342 1429 suae?
1372 1384 1468 1429 Ab-

28 1481 30 1491 ·
87 1454 154 1500 sit.
187 1455 271 1499 Ista
295 1452 410 1499 enim
429 1456 580 1500 merita
601 1455 713 1500 mala
737 1465 862 1510 sunt,
883 1455 981 1500 haec
1004 1471 1184 1499 munera
1206 1454 1337 1500 bona.
1354 1454 1470 1500 Red-

88 1523 255 1577 duntur
279 1525 424 1588 itaque
447 1525 569 1570 malis
586 1525 710 1570 bona
731 1543 741 1570 ε
772 1525 959 1584 gratuita
978 1541 1078 1583 ergo
1092 1561 1102 1579 ,
1126 1541 1213 1569 non
1237 1524 1406 1577 debita3
1427 1535 1470 1570 et

87 1593 185 1639 ideo
221 1594 373 1654 gratia.
412 1596 539 1654 «Ego
558 1632 568 1650 ,
603 1596 751 1658 inquit
782 1597 1022 1649 Dominus,
1054 1595 1144 1654 Ego
1170 1595 1385 1641 Dominus
1411 1613 1421 1639 ε
1448 1619 1465 1636 ))

87 1663 241 1710 Nonne
265 1674 305 1710 te
322 1665 401 1709 ista
426 1681 505 1710 vox
530 1665 784 1728 comprimit
800 1702 811 1719 ,
841 1681 865 1709 o
895 1665 1087 1710 humana
1110 1665 1338 1727 superbia,
1366 1682 1466 1728 quae

26 1786 29 1799 ,
87 1732 195 1779 dicis
210 1769 220 1789 ,
244 1755 266 1775 «
282 1735 373 1794 Ego
397 1733 512 1780 facio
529 1771 540 1788 ,
567 1745 616 1780 ut
640 1752 804 1780 merear
827 1753 850 1780 a
874 1735 1067 1780 Domino
1102 1734 1313 1780 aedificari
1337 1746 1466 1798 atque

26 1801 29 1836 ἶ
87 1824 108 1845 »
132 1804 355 1867 plantari?
381 1827 401 1846 ›>
431 1806 583 1850 Nonne
599 1805 722 1851 audis
737 1842 748 1862 ,
777 1826 797 1847 (ε
819 1806 917 1851 Non
938 1815 1120 1869 propter
1137 1822 1210 1851 vos
1230 1823 1306 1866 ego
1320 1805 1460 1852 facio:

86 1895 107 1916 »
131 1876 222 1935 Ego
251 1876 461 1922 Dominus
486 1877 704 1923 aedificavi
737 1877 977 1924 destructas
998 1914 1009 1933 ‚
1047 1876 1243 1940 plantavi
1264 1879 1464 1924 extermi-

26 1942 27 1967 1
85 1957 248 1992 »natas
272 1965 282 1992 ε
308 1947 396 2007 Ego
427 1948 639 1993 Dominus
663 1947 842 1994 locutus
862 1965 956 1993 sum
972 1984 983 2003 ,
1009 1957 1052 1992 et
1074 1945 1158 1992 feci
1178 1965 1189 1992 :
1215 1965 1303 1995 non
1325 1958 1466 1995 tamen

84 2037 105 2058 2)
126 2027 309 2080 propter
341 2035 447 2074 vos,
485 2019 562 2064 sed
597 2029 780 2082 propter
817 2035 975 2064 nomen
1006 2035 1149 2063 meum
1188 2023 1421 2066 sanctum?
1444 2042 1464 2061 »

26 2131 27 2134 ,
86 2089 194 2145 Quis
219 2089 484 2153 multiplicat
506 2091 619 2137 sicut
645 2091 963 2153 oveshomines
984 2128 995 2144 ,
1022 2091 1132 2136 sieut
1149 2107 1249 2144 oves
1275 2102 1461 2146 sanctas,

26 2188 27 2191 =
85 2159 196 2204 sicut
209 2176 307 2205 oves
328 2160 598 2206 Jerusalem?
621 2162 729 2217 Quis
747 2161 853 2208 facit
872 2172 918 2207 ut
933 2161 1130 2207 civitates
1150 2161 1238 2205 illae
1262 2161 1466 2207 desolatae

25 2257 27 2270 .
83 2228 227 2292 plenae
245 2229 332 2274 sint
352 2229 500 2274 ovium
523 2231 773 2287 hominum,
796 2231 875 2276 nisi
904 2231 976 2276 ille
1000 2230 1077 2294 qui
1101 2230 1299 2293 sequitur
1321 2242 1363 2277 et
1386 2232 1463 2277 di-

24 2346 26 2354 ,
84 2299 144 2344 cit
163 2335 173 2354 ‚
199 2320 218 2339 «
240 2299 295 2343 Et
316 2300 453 2344 scient
472 2301 578 2362 quia
602 2317 678 2359 ego
705 2301 951 2346 Dominus?
970 2321 991 2342 »
1017 2300 1100 2345 Sed
1125 2300 1287 2363 quibus
1310 2301 1466 2348 ovibus

25 2390 26 2395 ¹
83 2368 336 2413 hominibus
359 2369 538 2432 implet,
566 2369 694 2419 sicuti
718 2380 781 2414 est
801 2369 1042 2433 pollicitus,
1069 2370 1284 2424 civitates,
1314 2381 1462 2417 utrum

83 2454 189 2500 quas
223 2439 410 2495 invenit,
453 2457 505 2484 au
533 2457 643 2502 quas
682 2438 816 2491 facit?
855 2440 1077 2491 Psalmum
1116 2441 1427 2500 interrogemus
1449 2460 1462 2487 :

82 2524 181 2563 ecce
198 2508 454 2572 respondet,
480 2506 728 2565 audiamus:
758 2510 948 2557 «Venite
972 2511 1205 2560 adoremus
1235 2522 1278 2557 et
1305 2512 1458 2575 proci-

135 2591 142 2611 ¹
161 2593 282 2626 Jercm.
304 2602 410 2633 xxxu,
427 2599 482 2628 41.
501 2612 543 2617 -—
561 2592 708 2628 ².Ezech.
728 2602 840 2633 xxxv,
865 2605 921 2633 27.
