1843 3190
260 253 352 299 380
689 264 726 295 5.
767 262 1012 296 Aueusrtm
1047 262 1252 297 nmscom

257 331 390 377 modo
416 329 637 394 approbat
669 333 798 376 suos'?
824 330 940 376 Hinc
960 330 1014 377 de
1047 330 1139 377 fato
1162 368 1173 387 ‚
1197 330 1267 377 vel
1306 329 1360 377 de
1385 329 1639 395 acceptione

264 418 547 466 personarum
582 401 696 446 nihil
733 401 910 460 negatis.
942 402 1040 446 Jam
1070 418 1170 461 ergo
1203 400 1430 446 nobiscum
1460 401 1640 460 gratiam

264 471 546 519 confitemini.
566 471 687 528 Quid
713 481 774 517 est
803 471 918 517 enim
943 471 1080 524 aliud,
1110 471 1190 517 ubi
1209 470 1324 516 nihil
1345 470 1519 516 illorum
1542 474 1641 516 est?

264 546 315 589 In
336 561 420 588 una
435 543 568 602 igitur
591 541 827 606 eademque
863 558 992 588 causa
1009 580 1019 599 ‚
1055 542 1163 587 alius
1193 540 1458 604 relinquitur
1475 540 1645 601 justitia

260 614 512 675 judicante,
539 630 628 658 non
659 613 777 667 fat03
811 613 919 659 alius
946 614 1180 660 assumitur
1215 612 1354 672 gratia
1381 621 1642 676 praestante,

265 702 352 730 non
374 694 540 730 merito,

332 755 427 800 Vll.
460 755 635 798 Frustra
659 752 837 798 omnino
851 753 1130 810 contenditis,
1146 768 1227 798 nec
1250 751 1306 797 ab
1332 751 1532 811 originali
1548 768 1650 814 pec-

273 835 368 869 cato
391 823 597 886 parvulos
612 823 929 881 regeneratione
952 821 1200 868 mundari&
1227 823 1327 867 Non
1340 821 1427 867 hoc
1443 820 1651 877 ostendit,

273 894 347 958 qui
377 892 509 947 dixit,
537 913 558 934 «
584 892 867 955 Quicumque
886 892 1100 956 baptizati
1140 908 1289 937 sumus
1313 892 1359 936 in
1380 891 1581 947 Christo,
1606 891 1653 937 in

277 985 297 1006 »
317 973 454 1009 morte
474 965 509 1022 ej
519 979 565 1007 us
578 961 791 1025 baptizati
811 963 1001 1009 5111111152.
1026 984 1046 1004 »
1064 960 1263 1008 Dicendo
1283 961 1416 1017 enim,
1442 960 1655 1017 Quicum-

277 1051 379 1099 que,
406 1050 494 1079 non
520 1032 670 1096 utique
686 1032 895 1096 parvulos
919 1032 1020 1079 fecit
1052 1043 1262 1097 exceptos.
1287 1030 1408 1088 Quid
1426 1041 1488 1076 est
1512 1042 1656 1077 autem

279 1106 325 1151 in
363 1115 501 1150 morte
545 1103 710 1149 Christi
746 1104 990 1167 baptizari,
1020 1105 1102 1150 nisi
1140 1113 1322 1168 peccato
1361 1102 1506 1148 mori?
1531 1101 1658 1148 Unde

281 1176 409 1222 etiam
434 1174 486 1220 de
510 1174 604 1237 ipso
622 1173 738 1219 idem
764 1174 847 1220 alio
883 1174 979 1220 loco
1022 1174 1159 1231 dicit,
1197 1195 1218 1216 «
1241 1172 1374 1231 Quod
1398 1172 1512 1218 enim
1539 1189 1661 1217 mor-

282 1269 297 1286 »
317 1256 415 1290 tuus
442 1255 509 1290 est
532 1254 712 1307 peccato
734 1281 745 1300 ‚
775 1255 974 1290 mortuus
1009 1255 1072 1290 est
1095 1244 1225 1291 semel
1244 1243 1275 1291 5.
1304 1265 1325 1285 »
1350 1241 1482 1299 Quod
1506 1242 1657 1300 utique

283 1316 452 1362 dictum
468 1325 530 1360 est
546 1325 730 1377 propter
745 1314 1075 1361 similitudinem
1090 1316 1235 1361 carnis
1251 1314 1422 1377 peccati
1441 1330 1452 1357 :
1475 1322 1658 1376 propter

285 1386 405 1450 quod
423 1396 464 1431 et
488 1401 696 1444 magnum
720 1385 972 1448 mysterium
991 1396 1053 1430 est
1075 1385 1218 1431 crucis
1239 1388 1357 1444 ejus,
1379 1381 1458 1427 ubi
1476 1392 1517 1427 et
1535 1391 1660 1427 vetus

286 1457 421 1503 homo
437 1466 581 1501 noster
608 1455 739 1502 simul
769 1456 1002 1502 crucifixus
1034 1466 1129 1506 est
1160 1466 1210 1501 ut
1242 1463 1474 1500 evacuetur
1502 1468 1662 1515 corpus

289 1526 504 1592 peccatil‘.
541 1525 588 1571 Si
616 1543 716 1585 ergo
751 1525 796 1571 in
837 1527 1015 1572 Christo
1049 1509 1224 1590 parvuli
1258 1524 1574 1587 baptizantur,
1617 1521 1665 1567 in

291 1607 430 1642 morte
454 1600 544 1656 ers
581 1595 875 1660 baptizantur.
922 1596 1011 1642 Si
999 1614 1045 1642 111
1071 1606 1210 1642 morte
1236 1599 1327 1655 ers
1349 1592 1629 1657 baptizantur
1651 1627 1663 1648 ‚

293 1667 443 1712 mortis
467 1670 558 1726 eJ‘us
581 1666 858 1713 similitudini
886 1667 1174 1730 complantati
1197 1675 1379 1730 peccato
1405 1667 1555 1726 utique
1577 1679 1669 1708 mo-

293 1737 480 1783 riuntur.
512 1757 532 1777 «
558 1736 690 1793 Quod
724 1738 840 1782 enim
867 1747 1065 1782 mortuus
1110 1746 1172 1782 est
1208 1745 1390 1800 peccato
1419 1771 1430 1791 ‚
1473 1743 1673 1779 mortuus

295 1830 316 1850 ³>
335 1818 398 1854 est
418 1806 546 1853 semel
565 1825 575 1852 :
603 1807 723 1871 quod
744 1819 887 1854 autem
904 1808 1028 1864 vivit,
1054 1807 1163 1853 vivit
1188 1810 1282 1853 Deo
1297 1805 1330 1853 5.
1352 1827 1372 1847 »
1393 1806 1450 1850 Et
1471 1803 1581 1868 quid
1611 1813 1674 1848 est

299 1877 587 1941 complantari
605 1877 881 1924 similitudini
902 1878 1051 1924 mortis
1071 1882 1186 1937 eJUS‚
1212 1876 1292 1922 nisi
1312 1874 1431 1939 quod
1451 1873 1673 1938 sequitur3

301 1970 321 1989 «
341 1948 413 1993 Sic
436 1958 478 1993 et
503 1964 580 1993 vos
599 1948 834 1994 existimate
856 1965 932 1995 vos
958 1958 1153 1994 mortuos
1174 1963 1260 1993 esse
1286 1955 1468 2009 peccato
1484 1981 1497 2001 ‚⁸
1533 1943 1677 1989 vivere

302 2040 324 2060 »
345 2028 489 2063 autem
514 2019 605 2063 Deo
621 2017 667 2063 in
693 2018 872 2064 Christo
895 2019 998 2064 Jesu
1020 2021 1038 2063 P
1077 2015 1304 2081 Numquid
1326 2014 1489 2061 dicturi
1505 2028 1673 2066 sumus,

306 2109 328 2130 »
348 2098 530 2152 peccato
555 2099 778 2134 mortuum
808 2087 937 2135 fuisse
961 2088 1108 2134 Jesum
1131 2125 1142 2144 ‚
1185 2085 1305 2150 quod
1328 2085 1499 2132 nullum
1521 2082 1682 2129 habuit

308 2180 329 2200 >³
351 2161 581 2221 unquam?
620 2158 808 2205 Absit.»
845 2159 902 2204 Et
940 2169 1083 2204 tamen
1115 2156 1238 2222 quod
1261 2167 1459 2203 mortuus
1488 2164 1551 2200 est
1572 2170 1683 2218 pec-

303 2239 419 2280 cato,
444 2238 643 2274 mortuus
659 2238 721 2274 est
754 2228 897 2276 semel.
925 2232 1045 2274 Mors
1071 2228 1186 2274 enim
1207 2230 1298 2287 eJus
1327 2235 1559 2290 peccatum
1583 2239 1686 2268 nos·

307 2309 425 2343 trum
461 2298 750 2358 significavit,
783 2315 872 2363 quo
912 2299 1064 2363 utique
1101 2298 1196 2362 ipsa
1230 2313 1346 2343 mors
1377 2294 1568 2342 accidit:
1613 2291 1687 2338 cui

311 2368 442 2414 morti
465 2379 692 2426 mortum,
716 2369 763 2415 id
783 2380 871 2426 est,
908 2380 958 2415 ut
992 2368 1187 2415 mortalis
1220 2384 1310 2413 non
1334 2376 1439 2413 esset
1473 2362 1652 2410 ulterius
1672 2398 1685 2418 ,

313 2449 495 2502 peccato
519 2438 684 2485 dicitur
703 2451 918 2487 mortuus.
952 2439 1086 2498 Quod
1108 2454 1208 2499 ergo
1241 2437 1333 2501 ipse
1357 2431 1656 2497 significavit
1642 2449 1690 2478 m

363 2540 374 2563 ¹
410 2543 508 2572 Rom.
541 2552 588 2579 v1,
622 2542 654 2573 3.
684 2558 730 2565 ·—
757 2539 774 2562 ²
808 2540 893 2574 lbid.
930 2551 982 2575 xo.
1018 2558 1060 2565 -
1097 2536 1112 2562 3
1148 2537 1234 2573 Ibid.
1257 2538 1295 2570 6.
1322 2553 1367 2562 —
1398 2533 1413 2559 ⁴
1444 2534 1528 2568 Ibid.
1564 2545 1614 2566 10.
1646 2548 1691 2557 —

350 2595 434 2627 Ibid.
459 2604 512 2629 11.
