1843 3190
280 347 453 378 CONTRA
488 345 714 377 JU1,1ANUM
749 345 1055 386 PELAGIANUM,
1093 347 1182 379 LIB.
1226 348 1286 379 VI.
1360 333 1454 390 425

89 413 216 476 sophi
238 431 414 477 quoque
436 414 572 474 hujus
596 412 750 458 mundi
773 413 849 476 qui
880 413 1146 459 honestiores
1163 414 1424 462 videbantur
1438 454 1450 474 ,

90 483 322 545 Scyllaeum
348 484 515 528 bonum
539 499 623 528 esse
644 482 843 528 dixerunt
859 520 870 537 ,
900 500 947 528 ex
965 483 1157 528 humana
1190 484 1352 531 scilicet
1373 503 1456 531 na-

93 563 185 598 tura
197 553 476 616 belluinaque
494 563 771 615 compactum
794 570 804 596 ε
832 552 865 597 si
889 552 974 597 hoc
994 570 1093 612 ergo
1119 564 1359 600 monstrum
1381 566 1458 601 tua

89 623 293 686 opinione
316 624 518 675 sectaris3
548 626 647 667 satis
678 633 740 667 est
770 622 894 667 nobis
911 659 922 677 ,
947 622 1067 685 quod
1092 624 1309 668 confiteris
1329 624 1458 669 aliam

87 709 173 738 esse
189 693 405 747 illicitam,
427 692 552 737 aliam
573 691 735 736 licitam
753 692 1036 753 voluptatem.
1063 691 1125 736 Ac
1145 709 1223 754 per
1240 693 1326 737 1106
1346 693 1460 738 mala

87 773 149 807 est
172 762 526 824 concupiscentia
556 778 655 824 quae
687 761 978 806 indifferenter
1002 772 1235 825 utrumque
1259 763 1456 826 appetit,

86 832 170 877 nisi
194 833 249 877 ab
270 832 421 877 illicita
446 831 670 894 voluptate
707 831 824 877 licita
861 832 1085 894 voluptate
1115 832 1319 879 frenetur.
1364 833 1461 878 Hoc

91 913 232 947 autem
254 902 416 947 malum
436 919 524 947 non
544 903 587 946 in
608 902 869 965 baptismate
900 903 1106 965 ponitur:
1135 902 1208 948 sed
1233 903 1461 966 baptizatis

86 989 167 1034 per
194 973 373 1032 gratiam
395 972 724 1031 regenerationis
757 972 811 1016 ab
841 976 929 1031 ejus
956 972 1217 1031 obligatione
1235 976 1324 1032 jam
1347 972 1460 1017 libe-

88 1042 146 1087 ris
164 1078 174 1097 ‚
206 1058 259 1086 ne
285 1041 338 1086 ad
358 1041 507 1087 illicita
528 1042 780 1104 pertrahat,
812 1041 1045 1086 salubriter
1064 1041 1267 1088 vincitur.
1304 1043 1362 1086 Ut
1382 1057 1465 1087 au-

89 1121 175 1156 tem
211 1111 531 1156 resurrectionis
567 1123 759 1174 tempore
798 1129 887 1155 non
919 1112 971 1156 sit
1001 1112 1178 1156 omnino
1210 1112 1256 1156 in
1294 1111 1466 1156 vivente

93 1198 274 1243 corpore
294 1199 370 1227 nec
388 1181 558 1227 dolente
577 1219 586 1237 ,
608 1182 842 1245 praemium
860 1192 921 1226 est
941 1198 1089 1227 eorum
1109 1182 1185 1244 qui
1203 1192 1353 1226 contra
1371 1198 1465 1226 eam

92 1251 276 1296 fideliter
301 1262 598 1307 certaverunt,
624 1252 701 1314 qui
736 1251 939 1311 languore
970 1262 1117 1297 sanato
1141 1251 1466 1296 immortalitate

91 1321 334 1367 beatissima
361 1323 606 1368 vestientur.
636 1323 687 1367 In
707 1322 765 1367 eis
782 1339 882 1367 vero
899 1323 975 1385 qui
995 1339 1083 1367 non
1101 1321 1155 1367 ad
1178 1322 1311 1366 vitam
1329 1338 1469 1366 resur-

92 1401 218 1451 gent,
250 1389 339 1436 non
364 1391 564 1444 feliciter,
591 1391 663 1437 sed
689 1392 920 1455 poenaliter
955 1408 1044 1436 non
1077 1391 1158 1436 erit
1191 1408 1201 1435 :
1238 1408 1327 1436 non
1362 1389 1466 1453 quia

91 1471 198 1506 tunc
233 1461 288 1506 ab
323 1478 371 1506 ea
396 1461 627 1525 quisquam
658 1461 973 1516 mundabitur,
1003 1461 1072 1506 sed
1094 1461 1196 1524 quia
1222 1471 1325 1505 tunc
1344 1458 1469 1504 malis

93 1549 181 1577 11011
214 1531 255 1576 in
288 1531 599 1577 delectamenta
630 1532 920 1586 excitabitur3
953 1532 1025 1577 sed
1060 1533 1105 1577 in
1131 1541 1343 1576 tormenta
1368 1547 1469 1576 ver-

93 1612 228 1647 tetur.

165 1672 233 1717 iJ.
292 1672 387 1716 Jam
434 1672 657 1718 videamus
695 1672 806 1718 illud
848 1672 1249 1718 excellentissimum
1289 1687 1472 1716 acumen

96 1751 219 1786 tuum
238 1777 248 1795 ,
281 1758 368 1804 quo
398 1742 544 1787 vidisti
584 1742 955 1806 quemadmodum
986 1742 1193 1788 refelleres
1215 1741 1336 1805 quod
1361 1759 1383 1786 a
1403 1757 1471 1785 me

96 1811 262 1856 dictum
295 1811 407 1868 6511,
432 1833 452 1853 α
473 1813 646 1858 Dimitti
676 1813 1076 1876 concupiscentiam
1113 1812 1254 1857 carnis
1286 1811 1330 1855 in
1355 1810 1468 1872 bap-

97 1881 226 1926 tismo
246 1917 256 1936 ,
287 1898 375 1926 non
393 1892 442 1926 ut
465 1899 551 1927 non
580 1883 633 1928 sit
649 1919 660 1935 ,
679 1883 750 1928 sed
769 1893 817 1927 ut
840 1883 884 1927 in
907 1892 1139 1944 peccatum
1165 1898 1252 1925 non
1277 1880 1474 1942 impute-

97 1962 168 1996 tur
184 1971 195 2004 3
212 1951 410 2014 quamvis
426 1962 567 1997 autem
586 1963 707 1997 reatu
724 1968 801 1997 suo
822 1956 911 2011 jam
931 1951 1090 2005 soluto,
1109 1960 1253 1995 manet
1269 1960 1426 1994 tamen.
1448 1969 1470 1989 ³>

103 2020 320 2067 Adversus
339 2021 438 2067 haec
462 2038 555 2066 mea
584 2022 717 2067 verba
742 2022 802 2066 sic
823 2020 1134 2080 argumentaris
1156 2019 1290 2064 homo
1311 2018 1476 2064 acutis-

102 2090 263 2143 simus,
287 2091 549 2154 «Tanquam
584 2092 721 2154 ipsam
760 2089 1160 2153 concupiscentiam
1198 2088 1375 2133 dixerim
1398 2104 1477 2150 per

99 2160 370 2222 baptismum
407 2171 529 2205 reatu
574 2160 811 2212 liberari3»
842 2160 1045 2223 qnoniam
1062 2159 1148 2204 dixi
1183 2159 1361 2203 «Reatu
1397 2174 1474 2203 5110

96 2233 187 2289 jam
210 2229 350 2275 soluto
376 2247 386 2274 ε
409 2252 428 2272 »
453 2230 573 2276 velut
600 2248 677 2276 suo
695 2231 872 2276 dixerim
890 2268 899 2283 ‚
925 2246 1012 2292 quo
1031 2229 1125 2291 ipsa
1142 2245 1213 2273 rea
1236 2238 1320 2283 est,
1343 2243 1478 2290 eoque

102 2300 245 2345 soluto
264 2300 337 2345 illa
354 2312 608 2364 permaneat
628 2301 841 2347 absoluta.
866 2299 998 2356 Quod
1019 2299 1169 2361 utique
1187 2298 1221 2343 si
1238 2298 1476 2353 sensissem,

103 2369 298 2433 profecto
322 2387 415 2415 eam
452 2370 611 2416 malam
645 2388 730 2416 esse
767 2388 856 2415 non
881 2369 1094 2423 dicerem,
1133 2367 1206 2412 sed
1239 2366 1381 2413 fuisse.
1418 2368 1481 2412 Ac

104 2457 184 2503 per
197 2441 281 2486 hoc
298 2439 536 2486 secundum
551 2441 792 2486 mirabilem
808 2438 1134 2498 intelligentiam
1152 2448 1272 2482 tuam
1279 2436 1481 2499 ,quando

107 2510 251 2556 audis
241 2528 287 2555 111
302 2511 445 2575 aliquo
458 2511 688 2557 homicidii
706 2523 874 2557 reatum
893 2510 1102 2564 solutum,
1126 2524 1215 2552 non
1239 2507 1479 2563 hominem,

107 2581 180 2628 sed
207 2581 352 2644 ipsum
378 2581 669 2628 homicidium
691 2600 713 2628 a
740 2592 860 2628 reatu
886 2580 1100 2627 existimas
1121 2576 1384 2625 absolutum.
1412 2576 1485 2623 Sic

156 2663 166 2685 ¹
188 2663 255 2695 Lib.
284 2675 312 2697 1.
336 2663 375 2695 de
389 2665 490 2706 Nupt.
513 2674 583 2706 cap.
606 2665 663 2697 25.
