1843 3190
243 258 336 304 300
664 275 703 307 ε.
744 274 991 309 Auensrmi
1025 275 1231 310 EPISCOPI

238 349 368 402 atque
393 355 501 386 escae
529 339 778 387 malorum?
817 342 928 399 Quae
957 341 1071 388 enim
1100 343 1314 391 confectio
1339 356 1422 403 est,
1449 346 1618 412 inquit,

239 408 529 467 valetudinis,
562 428 662 474 quae
683 411 942 458 deformatio
977 412 1133 459 coloris
1169 425 1210 460 et
1244 417 1467 479 corporis,
1502 417 1623 482 quod

240 489 368 542 turpe
396 479 625 536 damnum,
649 481 769 544 quod
789 481 995 539 dedecus,
1018 483 1138 546 quod
1160 502 1252 530 non
1270 497 1474 533 evocetur
1496 499 1624 552 atque

236 549 435 595 eliciatur
454 550 677 614 voluptate
693 555 711 598 ‚3
733 553 868 612 Cujus
887 563 1031 598 motus
1051 564 1099 599 ut
1117 554 1301 618 quisque
1312 566 1374 602 est
1392 558 1620 615 maximus,

235 619 296 665 ita
320 629 382 665 est
402 619 726 668 inimicissimus
746 622 1060 687 philosophiae.
1101 623 1134 668 C
1141 640 1352 684 ongruere
1385 626 1498 672 enim
1521 644 1623 674 cum

238 690 498 749 cogitatione
531 708 687 751 magna
719 692 921 756 voluptas
952 693 1147 756 corporis
1189 711 1277 739 non
1309 705 1466 758 potest.
1512 697 1623 754 Quis

237 760 353 806 enim
374 777 474 806 cum
502 771 653 806 utatur
676 762 902 826 voluptate
925 779 974 808 ea
993 799 1005 818 ,
1042 780 1129 825 qua
1159 763 1279 809 nulla
1312 765 1448 827 possit
1483 770 1624 826 maj0r

239 846 348 883 esse,
376 829 598 876 attendere
627 832 797 887 animo,
830 832 940 877 inire
969 832 1206 889 rationem,
1231 834 1421 894 cogitare
1445 836 1624 882 omnino

238 898 481 962 quidquam
511 904 682 962 potest?
721 901 858 960 Cujus
885 912 1029 947 autem
1068 912 1212 948 tantus
1245 914 1307 949 est
1342 921 1520 965 gurges,
1548 906 1626 969 qui

239 968 328 1014 dies
367 979 408 1014 et
445 979 594 1015 noctes
625 969 715 1016 sine
746 970 834 1016 ulla
869 971 1040 1017 minimi
1078 972 1286 1036 temporis
1311 973 1626 1021 intermissione

238 1038 341 1085 velit
357 1038 419 1084 ita
447 1039 613 1086 moveri
646 1057 743 1086 suos
766 1058 912 1087 sensus
930 1078 941 1098 ‚
967 1051 1015 1087 ut
1033 1052 1263 1089 moventur
1286 1043 1333 1090 in
1350 1044 1528 1090 summis
1541 1061 1624 1091 vo-

236 1103 509 1172 luptatibus?
531 1111 639 1167 Quis
658 1122 803 1157 autem
825 1112 943 1157 bona
961 1123 1104 1158 mente
1124 1112 1340 1176 praeditus
1356 1151 1368 1171 ‚
1395 1131 1484 1160 non
1512 1115 1626 1161 mal-

238 1179 297 1224 let
315 1179 455 1226 nullas
478 1180 656 1226 omnino
675 1181 801 1227 nobis
820 1199 844 1227 a
862 1193 1016 1228 natura
1034 1182 1280 1246 voluptates
1300 1183 1423 1230 datas
1444 1204 1455 1239 ;
1477 1206 1498 1226 »
1516 1185 1626 1231 Haec

239 1249 312 1295 ille
331 1249 464 1307 dixit,
492 1252 569 1314 qui
589 1252 703 1297 nihil
727 1252 780 1298 de
799 1252 1046 1315 primorum
1062 1253 1296 1299 hominum
1314 1255 1401 1301 vita
1415 1292 1426 1311 ,
1443 1255 1557 1301 nihil
1572 1254 1627 1301 de

241 1320 431 1383 paradisi
453 1320 659 1368 felicitate
677 1359 689 1379 ‚
712 1323 825 1369 nihil
848 1323 902 1370 de
921 1341 1156 1388 corporum
1186 1326 1502 1372 resurrectione
1529 1343 1627 1372 cre-

241 1392 424 1440 diderat.
460 1394 782 1442 Erubescamus
815 1397 990 1443 interim
1014 1397 1126 1444 veris
1149 1396 1521 1460 disputationibus
1538 1397 1628 1443 im-

238 1462 413 1525 piorum
429 1499 440 1519 ‚
482 1463 560 1527 qui
600 1463 836 1511 didicimus
866 1466 912 1512 in
935 1483 1036 1512 vera
1056 1482 1171 1512 verae
1190 1466 1365 1529 pietatis
1391 1477 1627 1530 sanctaque

241 1531 523 1596 philosophia
546 1570 557 1590 ,
585 1545 628 1580 et
649 1545 802 1580 contra
828 1536 1030 1599 spiritum
1053 1553 1228 1583 carnem
1244 1574 1256 1594 ,
1279 1547 1320 1583 et
1348 1547 1502 1583 contra
1526 1553 1629 1582 car-

237 1619 337 1648 nem
378 1604 687 1668 concupiscere
723 1607 924 1670 spiritum
945 1606 981 1655 1.
1025 1607 1111 1653 Sed
1142 1607 1232 1653 hoc
1251 1607 1366 1653 unde
1390 1607 1624 1662 acciderit,

243 1673 396 1719 Cicero
429 1675 676 1721 nesciebat:
705 1687 746 1722 et
786 1688 930 1723 tamen
962 1677 1104 1724 carnis
1141 1676 1509 1741 concupiscentiae
1538 1694 1630 1722 non

241 1741 439 1800 favebat,
468 1745 589 1809 quod
616 1756 663 1792 tu
687 1738 818 1802 facis}
851 1749 939 1794 imo
964 1765 1057 1794 eam
1081 1748 1362 1795 vehementer
1385 1747 1623 1807 arguebat,

242 1814 363 1877 quod
378 1825 426 1861 tu
444 1832 533 1861 non
549 1816 688 1863 solum
701 1835 788 1864 non
806 1818 910 1864 facis
925 1855 936 1875 ,
970 1818 1044 1865 sed
1059 1818 1320 1866 facientibus
1351 1818 1629 1865 vehementer

239 1884 432 1931 irasceris
451 1903 461 1931 t
483 1886 560 1950 qui
584 1889 960 1952 concupiscentias
983 1900 1025 1935 et
1038 1889 1218 1952 spiritus
1235 1898 1276 1934 et
1295 1889 1437 1934 carnis
1457 1887 1570 1934 inter
1586 1903 1629 1932 se

240 1955 540 2016 belligerantes
575 1969 784 2023 tanquam
818 1961 865 2006 in
895 1959 1012 2005 bello
1049 1959 1228 2005 timidus
1267 1959 1416 2005 ambas
1451 1957 1629 2005 laudare

241 2026 437 2082 conaris,
465 2027 583 2074 velut
613 2029 838 2075 inimicam
861 2040 1055 2075 metuens
1080 2029 1269 2085 habere,
1311 2045 1413 2092 quae
1434 2028 1630 2092 potuerit

240 2094 419 2141 alteram
445 2097 630 2146 vincere.
664 2099 784 2156 Quin
807 2116 883 2159 age
902 2101 1070 2164 potius,
1094 2116 1149 2145 ne
1166 2097 1373 2147 formides
1391 2135 1402 2155 ,
1426 2109 1470 2144 et
1494 2096 1628 2143 lauda

241 2167 644 2230 concupiscentiam
667 2170 846 2233 spiritus
871 2170 1074 2217 adversus
1103 2168 1510 2232 concupiscentiam
1536 2185 1628 2214 car-

243 2234 310 2280 nis
328 2272 339 2290 ,
364 2246 484 2283 tanto
504 2239 645 2284 acrius
662 2276 674 2296 ‚
697 2250 861 2304 quanto
882 2240 1039 2286 castius
1057 2239 1339 2285 dimicantem
1358 2259 1370 2293 ς
1386 2238 1507 2285 illam
1527 2254 1628 2284 vero

240 2318 556 2368 repugnantem
579 2309 661 2369 legi
680 2311 860 2366 mentis,
881 2311 972 2357 sine
997 2326 1160 2374 pavore
1182 2309 1273 2355 ullo
1297 2308 1445 2355 eadem
1472 2308 1544 2355 cui
1563 2324 1627 2354 re-

239 2387 409 2439 pugnat
431 2376 522 2437 lege
547 2379 700 2425 mentis
723 2380 980 2428 condemna.

305 2448 512 2494 LXXIII.
555 2448 686 2495 Aliud
715 2460 778 2496 est
814 2449 1102 2497 consideratio
1125 2447 1474 2513 pulchritudinis
1496 2448 1628 2494 etiam

242 2518 482 2582 corporalis
500 2555 512 2575 ‚
531 2518 619 2567 sive
638 2520 821 2575 visibilis
837 2557 850 2580 ,
866 2521 982 2575 sicut
998 2532 1061 2570 est
1079 2521 1126 2569 in
1143 2520 1367 2569 coloribus
1387 2529 1429 2567 et
1455 2518 1624 2581 figuris,

291 2599 303 2623 ¹
320 2600 426 2636 Galat.
442 2611 475 2645 v,
494 2612 548 2642 17.
