1843 3190
393 262 486 308 292
830 260 865 290 s.
907 256 1149 290 Ancusnm
1185 255 1388 290 Emscom

394 325 590 392 apostolo
605 325 974 388 obtemperamus,
999 324 1033 370 si
1052 322 1447 388 concupiscentiam
1465 321 1616 369 carnis
1634 320 1775 381 diligi-

394 414 493 444 mus
518 396 854 461 Respondebis?
871 417 891 437 c<
916 397 1014 441 Non
1040 407 1103 442 est
1124 396 1218 459 ipsa
1238 411 1370 458 quam
1409 393 1560 441 laudo.
1595 394 1652 439 Et
1672 407 1774 456 quae

392 468 500 514 »illa
518 477 598 522 est,
625 484 757 530 quam
776 466 799 510 J
806 483 961 512 oannes
980 465 1087 511 dicit
1102 470 1263 511 aPatre
1280 481 1368 510 non
1383 481 1469 510 esse
1485 468 1504 511 ,2
1521 485 1542 506 α
1559 462 1772 518 Luxuria,

396 538 577 602 inquies.
605 537 689 583 Sed
703 537 907 583 luxuriosi
925 554 1013 582 non
1032 536 1209 592 erimus,
1232 535 1313 581 nisi
1331 535 1455 581 istam
1475 552 1608 600 quam
1627 532 1780 579 laudas
1808 524 1843 575 qu*

396 608 814 671 concupiscentiam,
857 606 1101 667 diligamus.
1146 608 1207 652 Ac
1278 622 1356 669 per
1402 605 1508 663 hoc,
1549 603 1682 651 nolite
1718 601 1783 647 di·
1809 582 1843 628 1111

396 678 527 738 ligere
561 678 701 724 carnis
723 678 1153 748 concupiscentiam,
1190 693 1290 722 cum
1330 676 1507 722 dicebat
1542 673 1784 721 luxuriosos
1810 666 1843 713 ³Pl

396 765 475 794 nos
493 765 579 793 esse
597 747 785 792 nolebat.
814 748 883 793 Ab
909 747 993 803 hac
1016 747 1149 806 igitur
1168 746 1245 791 abs
1266 757 1307 791 te
1322 745 1500 792 laudata
1523 744 1664 792 carnis
1682 759 1784 789 con-

399 817 669 880 cupiscentia
684 816 902 876 diligenda
918 816 1229 879 prohibemur,
1250 815 1428 878 quando
1450 833 1472 861 a
1492 814 1660 861 luxuria
1676 829 1786 877 pro-

398 887 630 944 bibemur,
666 886 765 932 haec
801 897 944 933 autem
975 903 1106 950 quam
1148 885 1326 946 diligere
1351 886 1659 949 prohibemur,
1699 900 1788 929 non

397 968 459 1003 est
476 975 499 1002 a
519 958 674 1002 Patre:
698 956 796 1002 haec
814 957 950 1016 igitur
975 956 1333 1020 concupiscentia
1356 972 1489 1019 quam
1513 955 1682 1011 laudas,
1700 970 1788 1000 non

400 1038 463 1073 est
489 1045 512 1073 a
536 1032 677 1073 Patre.
707 1027 806 1072 Duo
832 1027 948 1072 enim
974 1027 1092 1072 bona
1112 1043 1212 1089 quae
1244 1044 1266 1071 a
1291 1027 1420 1072 Patre
1456 1036 1575 1083 sunt,
1601 1026 1713 1071 inter
1745 1039 1789 1070 se

395 1114 592 1160 pugnare
613 1114 702 1142 non
715 1108 902 1160 possunt
919 1115 928 1142 :
946 1107 1148 1161 pugnant
1172 1106 1317 1142 autem
1344 1096 1456 1142 inter
1481 1113 1523 1142 se
1562 1094 1788 1141 continen-

400 1168 460 1213 tia
497 1178 538 1212 et
562 1167 949 1230 concupiscentia:
978 1167 1085 1230 quid
1106 1167 1267 1212 horum
1297 1184 1321 1212 a
1355 1166 1485 1211 Patre
1521 1165 1657 1226 magis
1687 1162 1789 1211 velis

401 1255 487 1283 esse
530 1237 757 1300 responde.
791 1237 927 1284 Video
942 1254 1050 1302 quas
1073 1237 1250 1301 patiaris
1271 1237 1490 1297 angustias
1513 1254 1524 1281 τ
1548 1235 1665 1282 faves
1692 1233 1789 1298 qui-

401 1307 501 1354 dem
541 1307 926 1371 concupiscentiae,
965 1307 1037 1353 sed
1056 1307 1274 1353 erubescis
1302 1306 1601 1353 continentiae.
1635 1304 1790 1350 Vincat
1811 1282 1843 1330 111

405 1377 552 1442 pudor
566 1388 684 1433 tuus,
712 1394 849 1441 eoque
875 1380 1078 1425 vincatur
1100 1395 1218 1424 error
1241 1387 1355 1424 tuus.
1375 1377 1488 1423 Cum
1513 1377 1647 1437 igitur
1663 1392 1686 1421 a
1709 1376 1789 1419 Pa-
1814 1365 1843 1400 1111

404 1459 468 1494 tre
492 1449 546 1494 sit
584 1448 850 1495 continentia
865 1487 876 1506 ,
901 1466 988 1513 qua
1015 1448 1259 1495 debellatur
1279 1448 1419 1495 carnis
1443 1445 1789 1511 concupiscentia

408 1536 529 1564 sume
564 1537 587 1564 a
616 1523 744 1565 Patre
774 1519 1105 1577 continentiam,
1133 1520 1205 1566 cui
1239 1529 1358 1565 recta
1379 1518 1521 1564 fronte
1549 1515 1789 1568 erubuisti;

411 1600 452 1636 et
478 1590 605 1636 vince
640 1591 1070 1654 concupiscentiam,
1099 1607 1233 1655 quam
1265 1606 1466 1653 perverso
1493 1606 1564 1635 ore
1589 1584 1791 1634 laudasti.

475 1666 610 1713 LXV.
642 1666 762 1722 Quin
785 1668 914 1713 etiam
938 1667 1120 1731 putasti,
1161 1666 1359 1712 omnium
1384 1682 1589 1712 sensuum
1618 1662 1790 1725 voluptz

412 1747 497 1782 tem
534 1736 579 1781 in
601 1736 809 1782 auxilium
841 1737 1189 1793 convocandam,
1217 1747 1430 1799 tanquam
1454 1735 1658 1798 Voluptas
1680 1730 1791 1793 geni-

416 1806 571 1852 talium
587 1823 669 1852 nec
684 1816 804 1852 tanto
816 1818 1002 1871 patrono
1027 1807 1112 1853 sibi
1132 1806 1220 1851 sola
1233 1806 1464 1862 sufficeret,
1485 1805 1568 1851 nisi
1588 1802 1790 1850 sociarurr

417 1893 580 1922 cuneus
604 1878 867 1924 subveniret.
900 1900 920 1919 «
942 1883 1219 1941 Consequens
1245 1877 1360 1922 enim
1385 1893 1471 1922 esse
1496 1874 1736 1930 existimas,
1757 1888 1791 1917 u⁴

421 1963 591 1993 sensnm
609 1947 803 2005 videndi,
817 1947 1042 2005 audiendi,
1064 1945 1277 2008 gestandi,
1299 1946 1548 2002 olfaciendi,
1569 1956 1698 2008 atque
1708 1953 1791 2016 ³tan

419 2017 566 2077 gendi,
587 2034 677 2062 non
701 2035 723 2062 a
740 2022 851 2075 Deo,
876 2018 949 2065 sed
973 2036 997 2064 a
1021 2017 1199 2064 diabolo
1228 2017 1354 2063 nobis
1374 2016 1592 2063 fateamur
1605 2031 1692 2061 esse
1710 2011 1794 2059 col·

417 2088 557 2133 latum
571 2107 582 2141 ;
607 2088 640 2133 si
658 2090 996 2135 concesserimus
1012 2105 1108 2134 eam
1122 2087 1528 2151 concupiscentiam
1544 2084 1684 2132 carnis
1697 2120 1709 2141 ,
1737 2098 1793 2128 cu

417 2175 499 2220 per
527 2158 844 2204 continentiam
884 2174 1206 2222 repugnamus,
1234 2174 1324 2202 non
1357 2157 1487 2203 fuisse
1521 2157 1568 2203 in
1606 2152 1792 2219 paradis«

416 2239 514 2273 ante
551 2239 806 2292 peccatum,
832 2241 879 2276 et
905 2247 952 2275 ex
986 2229 1061 2274 illo
1091 2227 1298 2274 accidisse
1319 2238 1501 2292 peccato
1518 2265 1529 2284 ,
1557 2224 1677 2289 quod
1708 2222 1793 2286 pri-

416 2313 541 2342 mum
571 2299 710 2359 primo
737 2299 908 2345 homini
935 2298 1136 2344 diabolus
1152 2298 1380 2362 persuasit.
1409 2320 1430 2340 >³
1453 2299 1526 2343 Sic
1554 2297 1727 2356 ignoras
1743 2309 1792 2339 ve

420 2367 619 2426 ignorare
646 2378 687 2413 te
712 2370 860 2428 fingis,
902 2386 982 2433 per
1005 2368 1243 2432 quemlibet
1274 2368 1470 2431 corporis
1504 2382 1675 2412 sensum
1694 2362 1795 2408 aliut

417 2453 503 2482 esse
529 2437 740 2482 sentiendi
758 2439 1054 2495 vivacitatem,
1071 2437 1138 2485 vel
1153 2437 1403 2494 utilitatem,
1419 2438 1487 2483 vel
1500 2436 1792 2484 necessitatem

421 2506 540 2552 aliud
560 2507 777 2553 sentiendi
794 2509 1039 2556 libidinem.
1065 2508 1281 2555 Vivacitas
1292 2508 1505 2555 sentiendi
1519 2518 1599 2565 est,
1616 2521 1704 2570 qua
1719 2520 1791 2550 ma

415 2577 478 2638 gis
504 2578 640 2636 alius,
666 2577 773 2626 alius
798 2581 944 2628 minus
967 2580 1014 2627 in
1037 2579 1143 2644 ipsis
1167 2579 1474 2645 corporalibus
1498 2579 1629 2628 rebus
1643 2591 1726 2641 pro
1745 2590 1793 2622 ea
1817 2566 1843 2657 3¹5

1810 381 1843 416 ΠΗ

1809 457 1819 486 a
1826 436 1843 483 fi
