<?xml version="1.0" encoding="UTF-8"?>
<!DOCTYPE html PUBLIC "-//W3C//DTD XHTML 1.0 Transitional//EN"
    "http://www.w3.org/TR/xhtml1/DTD/xhtml1-transitional.dtd">
<html xmlns="http://www.w3.org/1999/xhtml" xml:lang="en" lang="en">
 <head>
  <title>
</title>
<meta http-equiv="Content-Type" content="text/html;charset=utf-8" />
  <meta name='ocr-system' content='tesseract 3.04.00' />
  <meta name='ocr-capabilities' content='ocr_page ocr_carea ocr_par ocr_line ocrx_word'/>
</head>
<body>
  <div class='ocr_page' id='page_1' title='image "./operaomniaaccura35auguuoft/operaomniaaccura35auguuoft_0329.png"; bbox 0 0 1843 3190; ppageno 0'>
   <div class='ocr_carea' id='block_1_1' title="bbox 233 309 1411 374">
    <p class='ocr_par' dir='ltr' id='par_1_1' title="bbox 233 309 1411 374">
     <span class='ocr_line' id='line_1_1' title="bbox 233 309 1411 374; baseline 0.001 -19"><span class='ocrx_word' id='word_1_1' title='bbox 233 321 408 355; x_wconf 79' lang='lat' dir='ltr'>CONTRA</span> <span class='ocrx_word' id='word_1_2' title='bbox 439 319 668 353; x_wconf 74' lang='lat' dir='ltr'><strong>JULIANUM</strong></span> <span class='ocrx_word' id='word_1_3' title='bbox 702 319 1009 362; x_wconf 77' lang='lat' dir='ltr'><strong>PELAGIANUM,</strong></span> <span class='ocrx_word' id='word_1_4' title='bbox 1046 320 1135 353; x_wconf 87' lang='lat' dir='ltr'>LIB.</span> <span class='ocrx_word' id='word_1_5' title='bbox 1177 323 1220 355; x_wconf 84' lang='lat' dir='ltr'>V.</span> <span class='ocrx_word' id='word_1_6' title='bbox 1317 309 1411 374; x_wconf 78' lang='lat'>319</span> 
     </span>
    </p>
   </div>
   <div class='ocr_carea' id='block_1_2' title="bbox 0 385 1445 2554">
    <p class='ocr_par' dir='ltr' id='par_1_2' title="bbox 41 385 1425 941">
     <span class='ocr_line' id='line_1_2' title="bbox 43 385 1419 451; baseline 0.001 -17"><span class='ocrx_word' id='word_1_7' title='bbox 43 403 261 451; x_wconf 83' lang='lat' dir='ltr'>quaerere,</span> <span class='ocrx_word' id='word_1_8' title='bbox 286 387 435 433; x_wconf 84' lang='lat' dir='ltr'>nimiae</span> <span class='ocrx_word' id='word_1_9' title='bbox 463 385 753 449; x_wconf 87' lang='lat' dir='ltr'>impudentiae</span> <span class='ocrx_word' id='word_1_10' title='bbox 778 386 926 432; x_wconf 89' lang='lat' dir='ltr'>adhuc</span> <span class='ocrx_word' id='word_1_11' title='bbox 950 403 1104 446; x_wconf 88' lang='lat' dir='ltr'>negare</span> <span class='ocrx_word' id='word_1_12' title='bbox 1136 387 1246 451; x_wconf 91' lang='lat' dir='ltr'>quid</span> <span class='ocrx_word' id='word_1_13' title='bbox 1273 405 1419 435; x_wconf 90' lang='lat' dir='ltr'>sense-</span> 
     </span>
     <span class='ocr_line' id='line_1_3' title="bbox 41 455 1420 519; baseline 0.001 -16"><span class='ocrx_word' id='word_1_14' title='bbox 41 458 144 504; x_wconf 82' lang='lat' dir='ltr'><strong>rint.</strong></span> <span class='ocrx_word' id='word_1_15' title='bbox 186 457 298 502; x_wconf 90' lang='lat' dir='ltr'>Nam</span> <span class='ocrx_word' id='word_1_16' title='bbox 332 467 382 503; x_wconf 89' lang='lat' dir='ltr'>tu</span> <span class='ocrx_word' id='word_1_17' title='bbox 413 472 586 519; x_wconf 87' lang='lat' dir='ltr'>quoque</span> <span class='ocrx_word' id='word_1_18' title='bbox 623 472 724 501; x_wconf 91' lang='lat' dir='ltr'>cum</span> <span class='ocrx_word' id='word_1_19' title='bbox 762 455 1095 502; x_wconf 80' lang='lat' dir='ltr'>obstinatissime</span> <span class='ocrx_word' id='word_1_20' title='bbox 1118 458 1420 517; x_wconf 80' lang='lat' dir='ltr'>contradicas,</span> 
     </span>
     <span class='ocr_line' id='line_1_4' title="bbox 43 525 1422 591; baseline 0.001 -18"><span class='ocrx_word' id='word_1_21' title='bbox 43 543 179 591; x_wconf 88' lang='lat' dir='ltr'>usque</span> <span class='ocrx_word' id='word_1_22' title='bbox 198 527 305 573; x_wconf 86' lang='lat' dir='ltr'>adeo</span> <span class='ocrx_word' id='word_1_23' title='bbox 318 526 527 588; x_wconf 86' lang='lat' dir='ltr'>judicasti</span> <span class='ocrx_word' id='word_1_24' title='bbox 550 525 663 571; x_wconf 90' lang='lat' dir='ltr'>nihil</span> <span class='ocrx_word' id='word_1_25' title='bbox 686 525 803 572; x_wconf 89' lang='lat' dir='ltr'>aliud</span> <span class='ocrx_word' id='word_1_26' title='bbox 823 526 1028 572; x_wconf 88' lang='lat' dir='ltr'>humanis</span> <span class='ocrx_word' id='word_1_27' title='bbox 1045 543 1274 574; x_wconf 88' lang='lat' dir='ltr'>occurrere</span> <span class='ocrx_word' id='word_1_28' title='bbox 1294 528 1422 574; x_wconf 88' lang='lat' dir='ltr'>sensi-</span> 
     </span>
     <span class='ocr_line' id='line_1_5' title="bbox 41 596 1421 658; baseline 0.001 -16"><span class='ocrx_word' id='word_1_29' title='bbox 41 597 127 642; x_wconf 86' lang='lat' dir='ltr'>bus</span> <span class='ocrx_word' id='word_1_30' title='bbox 147 633 158 653; x_wconf 84' lang='lat'><strong>,</strong></span> <span class='ocrx_word' id='word_1_31' title='bbox 196 597 279 643; x_wconf 90' lang='lat' dir='ltr'>nisi</span> <span class='ocrx_word' id='word_1_32' title='bbox 317 596 759 658; x_wconf 81' lang='lat' dir='ltr'>concupiscentialem</span> <span class='ocrx_word' id='word_1_33' title='bbox 794 606 961 641; x_wconf 87' lang='lat' dir='ltr'>motum</span> <span class='ocrx_word' id='word_1_34' title='bbox 989 596 1288 643; x_wconf 80' lang='lat' dir='ltr'>erubescentes</span> <span class='ocrx_word' id='word_1_35' title='bbox 1325 597 1421 644; x_wconf 85' lang='lat' dir='ltr'>illos</span> 
     </span>
     <span class='ocr_line' id='line_1_6' title="bbox 44 665 1422 728; baseline 0.001 -16"><span class='ocrx_word' id='word_1_36' title='bbox 44 667 243 712; x_wconf 89' lang='lat' dir='ltr'>homines</span> <span class='ocrx_word' id='word_1_37' title='bbox 260 667 307 712; x_wconf 91' lang='lat' dir='ltr'>in</span> <span class='ocrx_word' id='word_1_38' title='bbox 324 666 585 727; x_wconf 78' lang='lat' dir='ltr'>genitalibus</span> <span class='ocrx_word' id='word_1_39' title='bbox 598 675 738 725; x_wconf 87' lang='lat' dir='ltr'>tegere</span> <span class='ocrx_word' id='word_1_40' title='bbox 756 665 941 711; x_wconf 83' lang='lat' dir='ltr'>voluisse</span> <span class='ocrx_word' id='word_1_41' title='bbox 959 685 970 719; x_wconf 78' lang='lat'>3</span> <span class='ocrx_word' id='word_1_42' title='bbox 999 676 1046 710; x_wconf 93' lang='lat' dir='ltr'>ut</span> <span class='ocrx_word' id='word_1_43' title='bbox 1058 666 1320 728; x_wconf 80' lang='lat' dir='ltr'>perizomata</span> <span class='ocrx_word' id='word_1_44' title='bbox 1341 669 1422 713; x_wconf 86' lang='lat' dir='ltr'>eri-</span> 
     </span>
     <span class='ocr_line' id='line_1_7' title="bbox 45 736 1425 800; baseline 0.001 -18"><span class='ocrx_word' id='word_1_45' title='bbox 45 752 141 798; x_wconf 88' lang='lat' dir='ltr'>gere</span> <span class='ocrx_word' id='word_1_46' title='bbox 157 737 211 783; x_wconf 87' lang='lat' dir='ltr'>ad</span> <span class='ocrx_word' id='word_1_47' title='bbox 228 737 362 783; x_wconf 84' lang='lat' dir='ltr'>latera</span> <span class='ocrx_word' id='word_1_48' title='bbox 377 737 592 783; x_wconf 83' lang='lat' dir='ltr'>conareris</span> <span class='ocrx_word' id='word_1_49' title='bbox 605 773 616 793; x_wconf 84' lang='lat'>,</span> <span class='ocrx_word' id='word_1_50' title='bbox 636 747 709 782; x_wconf 86' lang='lat' dir='ltr'>aut</span> <span class='ocrx_word' id='word_1_51' title='bbox 734 737 930 800; x_wconf 86' lang='lat' dir='ltr'>operiens</span> <span class='ocrx_word' id='word_1_52' title='bbox 950 736 1063 781; x_wconf 85' lang='lat' dir='ltr'>latus</span> <span class='ocrx_word' id='word_1_53' title='bbox 1082 737 1158 782; x_wconf 92' lang='lat' dir='ltr'>ubi</span> <span class='ocrx_word' id='word_1_54' title='bbox 1176 748 1425 800; x_wconf 82' lang='lat' dir='ltr'>peccatores</span> 
     </span>
     <span class='ocr_line' id='line_1_8' title="bbox 43 805 1420 866; baseline 0.001 -14"><span class='ocrx_word' id='word_1_55' title='bbox 43 807 155 853; x_wconf 86' lang='lat' dir='ltr'>nihil</span> <span class='ocrx_word' id='word_1_56' title='bbox 181 806 284 852; x_wconf 89' lang='lat' dir='ltr'>mali</span> <span class='ocrx_word' id='word_1_57' title='bbox 314 807 491 853; x_wconf 83' lang='lat' dir='ltr'>sensisse</span> <span class='ocrx_word' id='word_1_58' title='bbox 526 807 778 862; x_wconf 87' lang='lat' dir='ltr'>contendis,</span> <span class='ocrx_word' id='word_1_59' title='bbox 822 818 897 852; x_wconf 85' lang='lat' dir='ltr'>aut</span> <span class='ocrx_word' id='word_1_60' title='bbox 935 805 1186 852; x_wconf 82' lang='lat' dir='ltr'>deformiter</span> <span class='ocrx_word' id='word_1_61' title='bbox 1220 808 1420 866; x_wconf 83' lang='lat' dir='ltr'>nudans,</span> 
     </span>
     <span class='ocr_line' id='line_1_9' title="bbox 44 876 1240 941; baseline 0.003 -19"><span class='ocrx_word' id='word_1_62' title='bbox 44 876 165 941; x_wconf 90' lang='lat' dir='ltr'>quod</span> <span class='ocrx_word' id='word_1_63' title='bbox 185 878 320 938; x_wconf 89' lang='lat' dir='ltr'>magis</span> <span class='ocrx_word' id='word_1_64' title='bbox 344 876 573 937; x_wconf 85' lang='lat' dir='ltr'>tegendum</span> <span class='ocrx_word' id='word_1_65' title='bbox 596 894 683 923; x_wconf 90' lang='lat' dir='ltr'>esse</span> <span class='ocrx_word' id='word_1_66' title='bbox 703 877 933 924; x_wconf 83' lang='lat' dir='ltr'>consentis.</span> <span class='ocrx_word' id='word_1_67' title='bbox 1233 936 1240 937; x_wconf 20' lang='lat' dir='ltr'><em>W</em></span> 
     </span>
    </p>

    <p class='ocr_par' dir='ltr' id='par_1_3' title="bbox 0 945 1445 2554">
     <span class='ocr_line' id='line_1_10' title="bbox 109 945 1426 1003; baseline 0.001 -10"><span class='ocrx_word' id='word_1_68' title='bbox 109 947 234 994; x_wconf 86' lang='lat' dir='ltr'><strong>VIII.</strong></span> <span class='ocrx_word' id='word_1_69' title='bbox 277 948 434 993; x_wconf 89' lang='lat' dir='ltr'>Inseris</span> <span class='ocrx_word' id='word_1_70' title='bbox 453 947 533 993; x_wconf 87' lang='lat' dir='ltr'>alia</span> <span class='ocrx_word' id='word_1_71' title='bbox 547 947 600 992; x_wconf 92' lang='lat' dir='ltr'>de</span> <span class='ocrx_word' id='word_1_72' title='bbox 614 947 728 992; x_wconf 89' lang='lat' dir='ltr'>libro</span> <span class='ocrx_word' id='word_1_73' title='bbox 745 964 841 992; x_wconf 87' lang='lat' dir='ltr'>meo</span> <span class='ocrx_word' id='word_1_74' title='bbox 859 947 1009 1000; x_wconf 75' lang='lat' dir='ltr'>verba,</span> <span class='ocrx_word' id='word_1_75' title='bbox 1033 946 1112 992; x_wconf 91' lang='lat' dir='ltr'>ubi</span> <span class='ocrx_word' id='word_1_76' title='bbox 1131 945 1265 1003; x_wconf 71' lang='lat' dir='ltr'>dixi1‚</span> <span class='ocrx_word' id='word_1_77' title='bbox 1287 968 1306 989; x_wconf 71' lang='grc' dir='ltr'>ι(</span> <span class='ocrx_word' id='word_1_78' title='bbox 1320 948 1426 993; x_wconf 83' lang='lat' dir='ltr'>Car-</span> 
     </span>
     <span class='ocr_line' id='line_1_11' title="bbox 45 1016 1428 1076; baseline 0.001 -14"><span class='ocrx_word' id='word_1_79' title='bbox 45 1016 112 1062; x_wconf 88' lang='lat' dir='ltr'>nis</span> <span class='ocrx_word' id='word_1_80' title='bbox 128 1016 470 1063; x_wconf 81' lang='lat' dir='ltr'>inobedientiam</span> <span class='ocrx_word' id='word_1_81' title='bbox 490 1017 759 1063; x_wconf 88' lang='lat' dir='ltr'>inobedienti</span> <span class='ocrx_word' id='word_1_82' title='bbox 778 1017 948 1062; x_wconf 86' lang='lat' dir='ltr'>homini</span> <span class='ocrx_word' id='word_1_83' title='bbox 967 1017 1215 1076; x_wconf 86' lang='lat' dir='ltr'>dignissime</span> <span class='ocrx_word' id='word_1_84' title='bbox 1233 1018 1428 1064; x_wconf 88' lang='lat' dir='ltr'>retribu-</span> 
     </span>
     <span class='ocr_line' id='line_1_12' title="bbox 47 1087 1426 1150; baseline 0.001 -18"><span class='ocrx_word' id='word_1_85' title='bbox 47 1097 163 1144; x_wconf 86' lang='lat' dir='ltr'>tam;</span> <span class='ocrx_word' id='word_1_86' title='bbox 184 1087 291 1149; x_wconf 87' lang='lat' dir='ltr'>quia</span> <span class='ocrx_word' id='word_1_87' title='bbox 302 1087 514 1148; x_wconf 78' lang='lat' dir='ltr'>injustum</span> <span class='ocrx_word' id='word_1_88' title='bbox 533 1097 624 1133; x_wconf 89' lang='lat' dir='ltr'>erat</span> <span class='ocrx_word' id='word_1_89' title='bbox 639 1124 650 1143; x_wconf 86' lang='lat'>‚</span> <span class='ocrx_word' id='word_1_90' title='bbox 671 1096 720 1132; x_wconf 84' lang='lat' dir='ltr'>ut</span> <span class='ocrx_word' id='word_1_91' title='bbox 738 1088 1114 1150; x_wconf 88' lang='lat' dir='ltr'>obtemperaretur</span> <span class='ocrx_word' id='word_1_92' title='bbox 1139 1105 1161 1132; x_wconf 92' lang='lat' dir='ltr'>a</span> <span class='ocrx_word' id='word_1_93' title='bbox 1180 1104 1301 1133; x_wconf 78' lang='lat' dir='ltr'>servo</span> <span class='ocrx_word' id='word_1_94' title='bbox 1321 1104 1397 1133; x_wconf 87' lang='lat' dir='ltr'>suo</span> <span class='ocrx_word' id='word_1_95' title='bbox 1414 1124 1426 1144; x_wconf 89' lang='lat'><strong>,</strong></span> 
     </span>
     <span class='ocr_line' id='line_1_13' title="bbox 48 1156 1427 1221; baseline 0.001 -18"><span class='ocrx_word' id='word_1_96' title='bbox 48 1156 95 1204; x_wconf 87' lang='lat' dir='ltr'>id</span> <span class='ocrx_word' id='word_1_97' title='bbox 117 1167 205 1215; x_wconf 80' lang='lat' dir='ltr'>est,</span> <span class='ocrx_word' id='word_1_98' title='bbox 226 1172 250 1204; x_wconf 84' lang='lat' dir='ltr'>a</span> <span class='ocrx_word' id='word_1_99' title='bbox 266 1175 449 1221; x_wconf 88' lang='lat' dir='ltr'>corpore</span> <span class='ocrx_word' id='word_1_100' title='bbox 469 1175 568 1214; x_wconf 83' lang='lat' dir='ltr'>suo,</span> <span class='ocrx_word' id='word_1_101' title='bbox 600 1158 638 1210; x_wconf 88' lang='lat' dir='ltr'>ei</span> <span class='ocrx_word' id='word_1_102' title='bbox 660 1158 736 1221; x_wconf 88' lang='lat' dir='ltr'>qui</span> <span class='ocrx_word' id='word_1_103' title='bbox 753 1175 842 1203; x_wconf 93' lang='lat' dir='ltr'>non</span> <span class='ocrx_word' id='word_1_104' title='bbox 860 1159 1234 1221; x_wconf 84' lang='lat' dir='ltr'>obtemperaverat</span> <span class='ocrx_word' id='word_1_105' title='bbox 1248 1158 1427 1204; x_wconf 87' lang='lat' dir='ltr'>domino</span> 
     </span>
     <span class='ocr_line' id='line_1_14' title="bbox 48 1227 1428 1284; baseline 0 -10"><span class='ocrx_word' id='word_1_106' title='bbox 48 1243 126 1274; x_wconf 91' lang='lat' dir='ltr'>suo</span> <span class='ocrx_word' id='word_1_107' title='bbox 148 1245 160 1272; x_wconf 88' lang='lat'>:</span> <span class='ocrx_word' id='word_1_108' title='bbox 182 1246 204 1270; x_wconf 87' lang='lat'>›·›</span> <span class='ocrx_word' id='word_1_109' title='bbox 227 1238 268 1274; x_wconf 93' lang='lat' dir='ltr'>et</span> <span class='ocrx_word' id='word_1_110' title='bbox 286 1228 456 1274; x_wconf 87' lang='lat' dir='ltr'>conaris</span> <span class='ocrx_word' id='word_1_111' title='bbox 474 1227 695 1274; x_wconf 85' lang='lat' dir='ltr'>ostendere</span> <span class='ocrx_word' id='word_1_112' title='bbox 710 1264 723 1284; x_wconf 84' lang='lat'>‚</span> <span class='ocrx_word' id='word_1_113' title='bbox 743 1247 764 1269; x_wconf 88' lang='lat'>«</span> <span class='ocrx_word' id='word_1_114' title='bbox 785 1227 911 1274; x_wconf 90' lang='lat' dir='ltr'>Hanc</span> <span class='ocrx_word' id='word_1_115' title='bbox 931 1227 1272 1274; x_wconf 85' lang='lat' dir='ltr'>inobedientiam</span> <span class='ocrx_word' id='word_1_116' title='bbox 1288 1227 1428 1274; x_wconf 89' lang='lat' dir='ltr'>carnis</span> 
     </span>
     <span class='ocr_line' id='line_1_15' title="bbox 50 1298 1429 1362; baseline 0 -18"><span class='ocrx_word' id='word_1_117' title='bbox 50 1298 196 1362; x_wconf 83' lang='lat' dir='ltr'>potius</span> <span class='ocrx_word' id='word_1_118' title='bbox 209 1312 296 1345; x_wconf 86' lang='lat' dir='ltr'>esse</span> <span class='ocrx_word' id='word_1_119' title='bbox 310 1298 575 1345; x_wconf 87' lang='lat' dir='ltr'>laudabilem</span> <span class='ocrx_word' id='word_1_120' title='bbox 591 1336 603 1355; x_wconf 82' lang='lat'>‚</span> <span class='ocrx_word' id='word_1_121' title='bbox 620 1299 655 1344; x_wconf 86' lang='lat' dir='ltr'>si</span> <span class='ocrx_word' id='word_1_122' title='bbox 671 1315 806 1362; x_wconf 87' lang='lat' dir='ltr'>poena</span> <span class='ocrx_word' id='word_1_123' title='bbox 825 1299 994 1362; x_wconf 86' lang='lat' dir='ltr'>peccati</span> <span class='ocrx_word' id='word_1_124' title='bbox 1009 1309 1070 1344; x_wconf 91' lang='lat' dir='ltr'>est</span> <span class='ocrx_word' id='word_1_125' title='bbox 1091 1316 1102 1343; x_wconf 68' lang='grc' dir='ltr'><strong><em>ι</em></strong></span> <span class='ocrx_word' id='word_1_126' title='bbox 1122 1319 1143 1341; x_wconf 83' lang='grc'>»</span> <span class='ocrx_word' id='word_1_127' title='bbox 1160 1309 1202 1344; x_wconf 87' lang='lat' dir='ltr'>et</span> <span class='ocrx_word' id='word_1_128' title='bbox 1217 1310 1429 1362; x_wconf 87' lang='lat' dir='ltr'>tanquam</span> 
     </span>
     <span class='ocr_line' id='line_1_16' title="bbox 51 1367 1427 1432; baseline -0.001 -18"><span class='ocrx_word' id='word_1_129' title='bbox 51 1384 234 1431; x_wconf 88' lang='lat' dir='ltr'>persona</span> <span class='ocrx_word' id='word_1_130' title='bbox 253 1369 307 1414; x_wconf 89' lang='lat' dir='ltr'>sit</span> <span class='ocrx_word' id='word_1_131' title='bbox 330 1367 475 1431; x_wconf 87' lang='lat' dir='ltr'>aliqua</span> <span class='ocrx_word' id='word_1_132' title='bbox 494 1405 506 1426; x_wconf 85' lang='lat'>‚</span> <span class='ocrx_word' id='word_1_133' title='bbox 530 1385 631 1432; x_wconf 86' lang='lat' dir='ltr'>quae</span> <span class='ocrx_word' id='word_1_134' title='bbox 656 1379 931 1431; x_wconf 84' lang='lat' dir='ltr'>peccatorem</span> <span class='ocrx_word' id='word_1_135' title='bbox 953 1368 1134 1414; x_wconf 88' lang='lat' dir='ltr'>scienter</span> <span class='ocrx_word' id='word_1_136' title='bbox 1157 1369 1338 1428; x_wconf 84' lang='lat' dir='ltr'>affligat,</span> <span class='ocrx_word' id='word_1_137' title='bbox 1365 1368 1427 1414; x_wconf 90' lang='lat' dir='ltr'>sic</span> 
     </span>
     <span class='ocr_line' id='line_1_17' title="bbox 52 1436 1431 1494; baseline 0.001 -11"><span class='ocrx_word' id='word_1_138' title='bbox 52 1454 147 1484; x_wconf 86' lang='lat' dir='ltr'>eam</span> <span class='ocrx_word' id='word_1_139' title='bbox 165 1457 187 1479; x_wconf 78' lang='lat' dir='ltr'>c&lt;</span> <span class='ocrx_word' id='word_1_140' title='bbox 205 1436 335 1484; x_wconf 89' lang='lat' dir='ltr'>Velut</span> <span class='ocrx_word' id='word_1_141' title='bbox 352 1437 551 1484; x_wconf 87' lang='lat' dir='ltr'>ultricem</span> <span class='ocrx_word' id='word_1_142' title='bbox 575 1437 743 1483; x_wconf 86' lang='lat' dir='ltr'>sceleris</span> <span class='ocrx_word' id='word_1_143' title='bbox 755 1474 767 1494; x_wconf 84' lang='lat'>‚</span> <span class='ocrx_word' id='word_1_144' title='bbox 794 1449 836 1483; x_wconf 93' lang='lat' dir='ltr'>et</span> <span class='ocrx_word' id='word_1_145' title='bbox 854 1438 899 1483; x_wconf 94' lang='lat' dir='ltr'>in</span> <span class='ocrx_word' id='word_1_146' title='bbox 913 1437 999 1483; x_wconf 86' lang='lat' dir='ltr'>hoc</span> <span class='ocrx_word' id='word_1_147' title='bbox 1021 1438 1102 1483; x_wconf 91' lang='lat' dir='ltr'>Dei</span> <span class='ocrx_word' id='word_1_148' title='bbox 1120 1438 1364 1484; x_wconf 86' lang='lat' dir='ltr'>ministram</span> <span class='ocrx_word' id='word_1_149' title='bbox 1379 1474 1392 1494; x_wconf 82' lang='lat'>‚</span> <span class='ocrx_word' id='word_1_150' title='bbox 1410 1458 1431 1479; x_wconf 85' lang='lat'>»</span> 
     </span>
     <span class='ocr_line' id='line_1_18' title="bbox 53 1508 1431 1571; baseline 0.001 -18"><span class='ocrx_word' id='word_1_151' title='bbox 53 1518 264 1571; x_wconf 87' lang='lat' dir='ltr'>tanquam</span> <span class='ocrx_word' id='word_1_152' title='bbox 280 1525 488 1568; x_wconf 89' lang='lat' dir='ltr'>magnum</span> <span class='ocrx_word' id='word_1_153' title='bbox 507 1508 686 1571; x_wconf 86' lang='lat' dir='ltr'>aliquod</span> <span class='ocrx_word' id='word_1_154' title='bbox 708 1508 879 1555; x_wconf 89' lang='lat' dir='ltr'>bonum</span> <span class='ocrx_word' id='word_1_155' title='bbox 895 1509 1116 1554; x_wconf 88' lang='lat' dir='ltr'>cothurno</span> <span class='ocrx_word' id='word_1_156' title='bbox 1134 1510 1340 1554; x_wconf 87' lang='lat' dir='ltr'>sermonis</span> <span class='ocrx_word' id='word_1_157' title='bbox 1359 1526 1431 1554; x_wconf 84' lang='lat' dir='ltr'>ex·</span> 
     </span>
     <span class='ocr_line' id='line_1_19' title="bbox 56 1578 1434 1642; baseline 0 -18"><span class='ocrx_word' id='word_1_158' title='bbox 56 1595 197 1625; x_wconf 82' lang='lat' dir='ltr'>ornas,</span> <span class='ocrx_word' id='word_1_159' title='bbox 240 1579 330 1624; x_wconf 82' lang='lat' dir='ltr'>Nec</span> <span class='ocrx_word' id='word_1_160' title='bbox 363 1579 524 1639; x_wconf 85' lang='lat' dir='ltr'>cogitas</span> <span class='ocrx_word' id='word_1_161' title='bbox 557 1596 683 1642; x_wconf 89' lang='lat' dir='ltr'>posse</span> <span class='ocrx_word' id='word_1_162' title='bbox 707 1589 752 1625; x_wconf 89' lang='lat' dir='ltr'>te</span> <span class='ocrx_word' id='word_1_163' title='bbox 776 1579 858 1625; x_wconf 89' lang='lat' dir='ltr'>isto</span> <span class='ocrx_word' id='word_1_164' title='bbox 892 1578 1024 1625; x_wconf 88' lang='lat' dir='ltr'>modo</span> <span class='ocrx_word' id='word_1_165' title='bbox 1049 1578 1228 1625; x_wconf 88' lang='lat' dir='ltr'>laudare</span> <span class='ocrx_word' id='word_1_166' title='bbox 1261 1578 1434 1639; x_wconf 87' lang='lat' dir='ltr'>angelos</span> 
     </span>
     <span class='ocr_line' id='line_1_20' title="bbox 56 1645 1436 1713; baseline 0.001 -20"><span class='ocrx_word' id='word_1_167' title='bbox 56 1645 193 1694; x_wconf 89' lang='lat' dir='ltr'>malos</span> <span class='ocrx_word' id='word_1_168' title='bbox 207 1685 221 1705; x_wconf 83' lang='lat'>‚</span> <span class='ocrx_word' id='word_1_169' title='bbox 245 1649 323 1711; x_wconf 91' lang='lat' dir='ltr'>qui</span> <span class='ocrx_word' id='word_1_170' title='bbox 342 1648 492 1712; x_wconf 86' lang='lat' dir='ltr'>utique</span> <span class='ocrx_word' id='word_1_171' title='bbox 514 1666 603 1694; x_wconf 93' lang='lat' dir='ltr'>non</span> <span class='ocrx_word' id='word_1_172' title='bbox 626 1659 728 1695; x_wconf 91' lang='lat' dir='ltr'>sunt</span> <span class='ocrx_word' id='word_1_173' title='bbox 742 1649 823 1694; x_wconf 91' lang='lat' dir='ltr'>nisi</span> <span class='ocrx_word' id='word_1_174' title='bbox 835 1649 1192 1712; x_wconf 78' lang='lat' dir='ltr'>praevaricatores</span> <span class='ocrx_word' id='word_1_175' title='bbox 1206 1659 1336 1713; x_wconf 89' lang='lat' dir='ltr'>atque</span> <span class='ocrx_word' id='word_1_176' title='bbox 1353 1650 1436 1695; x_wconf 89' lang='lat' dir='ltr'>im-</span> 
     </span>
     <span class='ocr_line' id='line_1_21' title="bbox 57 1719 1434 1783; baseline 0.001 -19"><span class='ocrx_word' id='word_1_177' title='bbox 57 1719 146 1782; x_wconf 85' lang='lat' dir='ltr'>pii,</span> <span class='ocrx_word' id='word_1_178' title='bbox 165 1734 246 1781; x_wconf 87' lang='lat' dir='ltr'>per</span> <span class='ocrx_word' id='word_1_179' title='bbox 268 1736 379 1783; x_wconf 89' lang='lat' dir='ltr'>quos</span> <span class='ocrx_word' id='word_1_180' title='bbox 404 1731 549 1766; x_wconf 91' lang='lat' dir='ltr'>tamen</span> <span class='ocrx_word' id='word_1_181' title='bbox 578 1721 720 1766; x_wconf 90' lang='lat' dir='ltr'>Deum</span> <span class='ocrx_word' id='word_1_182' title='bbox 743 1721 918 1766; x_wconf 84' lang='lat' dir='ltr'>meritas</span> <span class='ocrx_word' id='word_1_183' title='bbox 940 1736 1095 1783; x_wconf 87' lang='lat' dir='ltr'>poenas</span> <span class='ocrx_word' id='word_1_184' title='bbox 1113 1720 1304 1780; x_wconf 85' lang='lat' dir='ltr'>irrogare</span> <span class='ocrx_word' id='word_1_185' title='bbox 1323 1727 1434 1783; x_wconf 74' lang='lat' dir='ltr'>peo-</span> 
     </span>
     <span class='ocr_line' id='line_1_22' title="bbox 60 1789 1438 1853; baseline 0.001 -19"><span class='ocrx_word' id='word_1_186' title='bbox 60 1789 261 1835; x_wconf 83' lang='lat' dir='ltr'>cantibus</span> <span class='ocrx_word' id='word_1_187' title='bbox 278 1825 288 1844; x_wconf 86' lang='lat'>‚</span> <span class='ocrx_word' id='word_1_188' title='bbox 315 1799 463 1835; x_wconf 86' lang='lat' dir='ltr'>sancta</span> <span class='ocrx_word' id='word_1_189' title='bbox 498 1790 725 1853; x_wconf 85' lang='lat' dir='ltr'>Scriptura</span> <span class='ocrx_word' id='word_1_190' title='bbox 767 1799 965 1846; x_wconf 82' lang='lat' dir='ltr'>testatur,</span> <span class='ocrx_word' id='word_1_191' title='bbox 993 1789 1140 1835; x_wconf 89' lang='lat' dir='ltr'>dicens</span> <span class='ocrx_word' id='word_1_192' title='bbox 1169 1807 1180 1834; x_wconf 88' lang='lat'>:</span> <span class='ocrx_word' id='word_1_193' title='bbox 1207 1809 1228 1831; x_wconf 76' lang='grc' dir='ltr'>α</span> <span class='ocrx_word' id='word_1_194' title='bbox 1255 1789 1374 1835; x_wconf 83' lang='lat' dir='ltr'>Misit</span> <span class='ocrx_word' id='word_1_195' title='bbox 1391 1790 1438 1835; x_wconf 90' lang='lat' dir='ltr'>in</span> 
     </span>
     <span class='ocr_line' id='line_1_23' title="bbox 61 1859 1440 1920; baseline 0.002 -18"><span class='ocrx_word' id='word_1_196' title='bbox 61 1880 83 1901; x_wconf 88' lang='lat'>»</span> <span class='ocrx_word' id='word_1_197' title='bbox 105 1875 176 1905; x_wconf 88' lang='lat' dir='ltr'>eos</span> <span class='ocrx_word' id='word_1_198' title='bbox 191 1859 301 1905; x_wconf 88' lang='lat' dir='ltr'>iram</span> <span class='ocrx_word' id='word_1_199' title='bbox 320 1859 630 1919; x_wconf 86' lang='lat' dir='ltr'>indignationis</span> <span class='ocrx_word' id='word_1_200' title='bbox 657 1877 765 1916; x_wconf 81' lang='lat' dir='ltr'>suae,</span> <span class='ocrx_word' id='word_1_201' title='bbox 788 1860 1148 1920; x_wconf 86' lang='lat' dir='ltr'>indignationem,</span> <span class='ocrx_word' id='word_1_202' title='bbox 1175 1869 1218 1905; x_wconf 88' lang='lat' dir='ltr'>et</span> <span class='ocrx_word' id='word_1_203' title='bbox 1238 1859 1366 1915; x_wconf 85' lang='lat' dir='ltr'>iram,</span> <span class='ocrx_word' id='word_1_204' title='bbox 1395 1869 1440 1905; x_wconf 85' lang='lat' dir='ltr'>et</span> 
     </span>
     <span class='ocr_line' id='line_1_24' title="bbox 63 1928 1438 1993; baseline -0.001 -20"><span class='ocrx_word' id='word_1_205' title='bbox 63 1950 86 1972; x_wconf 77' lang='lat'>&gt;2</span> <span class='ocrx_word' id='word_1_206' title='bbox 107 1928 436 1975; x_wconf 88' lang='lat' dir='ltr'>tribulationem</span> <span class='ocrx_word' id='word_1_207' title='bbox 465 1967 476 1986; x_wconf 86' lang='lat'><strong><em>‚</em></strong></span> <span class='ocrx_word' id='word_1_208' title='bbox 527 1930 838 1977; x_wconf 88' lang='lat' dir='ltr'>immissionem</span> <span class='ocrx_word' id='word_1_209' title='bbox 884 1946 962 1993; x_wconf 85' lang='lat' dir='ltr'>per</span> <span class='ocrx_word' id='word_1_210' title='bbox 1000 1929 1170 1989; x_wconf 84' lang='lat' dir='ltr'>angelos</span> <span class='ocrx_word' id='word_1_211' title='bbox 1211 1929 1392 1977; x_wconf 82' lang='lat' dir='ltr'>malos2.</span> <span class='ocrx_word' id='word_1_212' title='bbox 1417 1950 1438 1972; x_wconf 73' lang='lat' dir='ltr'><strong><em>n</em></strong></span> 
     </span>
     <span class='ocr_line' id='line_1_25' title="bbox 63 1997 1436 2063; baseline 0.001 -20"><span class='ocrx_word' id='word_1_213' title='bbox 63 1997 217 2044; x_wconf 88' lang='lat' dir='ltr'>Lauda</span> <span class='ocrx_word' id='word_1_214' title='bbox 248 1999 377 2044; x_wconf 88' lang='lat' dir='ltr'>etiam</span> <span class='ocrx_word' id='word_1_215' title='bbox 411 1999 534 2056; x_wconf 87' lang='lat' dir='ltr'>istos,</span> <span class='ocrx_word' id='word_1_216' title='bbox 576 1999 710 2046; x_wconf 88' lang='lat' dir='ltr'>lauda</span> <span class='ocrx_word' id='word_1_217' title='bbox 746 2010 897 2046; x_wconf 83' lang='lat' dir='ltr'>eorum</span> <span class='ocrx_word' id='word_1_218' title='bbox 926 1999 1176 2063; x_wconf 89' lang='lat' dir='ltr'>principem</span> <span class='ocrx_word' id='word_1_219' title='bbox 1206 1999 1436 2057; x_wconf 83' lang='lat' dir='ltr'>Satanam,</span> 
     </span>
     <span class='ocr_line' id='line_1_26' title="bbox 64 2068 1441 2134; baseline 0.002 -21"><span class='ocrx_word' id='word_1_220' title='bbox 64 2068 168 2132; x_wconf 87' lang='lat' dir='ltr'>quia</span> <span class='ocrx_word' id='word_1_221' title='bbox 187 2068 332 2133; x_wconf 89' lang='lat' dir='ltr'>etipse</span> <span class='ocrx_word' id='word_1_222' title='bbox 347 2069 504 2116; x_wconf 82' lang='lat' dir='ltr'>vindex</span> <span class='ocrx_word' id='word_1_223' title='bbox 518 2071 690 2134; x_wconf 86' lang='lat' dir='ltr'>peccati</span> <span class='ocrx_word' id='word_1_224' title='bbox 708 2070 792 2117; x_wconf 89' lang='lat' dir='ltr'>fuit</span> <span class='ocrx_word' id='word_1_225' title='bbox 808 2107 819 2127; x_wconf 86' lang='lat'><strong>,</strong></span> <span class='ocrx_word' id='word_1_226' title='bbox 843 2069 1022 2134; x_wconf 86' lang='lat' dir='ltr'>quando</span> <span class='ocrx_word' id='word_1_227' title='bbox 1037 2070 1073 2115; x_wconf 89' lang='lat' dir='ltr'>ei</span> <span class='ocrx_word' id='word_1_228' title='bbox 1090 2068 1272 2115; x_wconf 84' lang='lat' dir='ltr'>tradidit</span> <span class='ocrx_word' id='word_1_229' title='bbox 1295 2071 1441 2133; x_wconf 85' lang='lat' dir='ltr'>Apos-</span> 
     </span>
     <span class='ocr_line' id='line_1_27' title="bbox 65 2138 1442 2186; baseline 0.001 -2"><span class='ocrx_word' id='word_1_230' title='bbox 65 2138 181 2185; x_wconf 84' lang='lat' dir='ltr'>tqus</span> <span class='ocrx_word' id='word_1_231' title='bbox 201 2138 425 2185; x_wconf 86' lang='lat' dir='ltr'>hominem</span> <span class='ocrx_word' id='word_1_232' title='bbox 447 2140 494 2186; x_wconf 92' lang='lat' dir='ltr'>in</span> <span class='ocrx_word' id='word_1_233' title='bbox 513 2140 738 2186; x_wconf 87' lang='lat' dir='ltr'>interitum</span> <span class='ocrx_word' id='word_1_234' title='bbox 759 2139 945 2186; x_wconf 49' lang='lat' dir='ltr'>carnis?</span> <span class='ocrx_word' id='word_1_235' title='bbox 969 2139 1105 2185; x_wconf 86' lang='lat' dir='ltr'>Valde</span> <span class='ocrx_word' id='word_1_236' title='bbox 1125 2139 1238 2184; x_wconf 88' lang='lat' dir='ltr'>enim</span> <span class='ocrx_word' id='word_1_237' title='bbox 1258 2138 1442 2185; x_wconf 88' lang='lat' dir='ltr'>disertus</span> 
     </span>
     <span class='ocr_line' id='line_1_28' title="bbox 68 2209 1444 2272; baseline 0 -18"><span class='ocrx_word' id='word_1_238' title='bbox 68 2225 111 2254; x_wconf 89' lang='lat' dir='ltr'>es</span> <span class='ocrx_word' id='word_1_239' title='bbox 129 2219 279 2254; x_wconf 85' lang='lat' dir='ltr'>contra</span> <span class='ocrx_word' id='word_1_240' title='bbox 294 2209 477 2269; x_wconf 86' lang='lat' dir='ltr'>gratiam</span> <span class='ocrx_word' id='word_1_241' title='bbox 497 2210 690 2266; x_wconf 84' lang='lat' dir='ltr'>Christi,</span> <span class='ocrx_word' id='word_1_242' title='bbox 710 2221 753 2255; x_wconf 91' lang='lat' dir='ltr'>et</span> <span class='ocrx_word' id='word_1_243' title='bbox 773 2209 955 2255; x_wconf 89' lang='lat' dir='ltr'>idoneus</span> <span class='ocrx_word' id='word_1_244' title='bbox 971 2209 1115 2254; x_wconf 90' lang='lat' dir='ltr'>dicere</span> <span class='ocrx_word' id='word_1_245' title='bbox 1129 2210 1444 2272; x_wconf 83' lang='lat' dir='ltr'>panegyricum</span> 
     </span>
     <span class='ocr_line' id='line_1_29' title="bbox 69 2279 1443 2345; baseline 0 -20"><span class='ocrx_word' id='word_1_246' title='bbox 69 2282 241 2325; x_wconf 78' lang='lat' dir='ltr'>Satanae</span> <span class='ocrx_word' id='word_1_247' title='bbox 263 2290 307 2324; x_wconf 90' lang='lat' dir='ltr'>et</span> <span class='ocrx_word' id='word_1_248' title='bbox 331 2280 490 2340; x_wconf 89' lang='lat' dir='ltr'>angelis</span> <span class='ocrx_word' id='word_1_249' title='bbox 513 2283 629 2340; x_wconf 82' lang='lat' dir='ltr'>ejus,</span> <span class='ocrx_word' id='word_1_250' title='bbox 657 2297 735 2343; x_wconf 88' lang='lat' dir='ltr'>per</span> <span class='ocrx_word' id='word_1_251' title='bbox 770 2297 879 2343; x_wconf 84' lang='lat' dir='ltr'>quos</span> <span class='ocrx_word' id='word_1_252' title='bbox 904 2279 1144 2325; x_wconf 88' lang='lat' dir='ltr'>multorum</span> <span class='ocrx_word' id='word_1_253' title='bbox 1171 2279 1443 2345; x_wconf 24' lang='lat' dir='ltr'>Deus-judex</span> 
     </span>
     <span class='ocr_line' id='line_1_30' title="bbox 72 2348 1444 2413; baseline 0 -19"><span class='ocrx_word' id='word_1_254' title='bbox 72 2360 203 2412; x_wconf 86' lang='lat' dir='ltr'>atque</span> <span class='ocrx_word' id='word_1_255' title='bbox 236 2349 352 2395; x_wconf 77' lang='lat' dir='ltr'>ultor</span> <span class='ocrx_word' id='word_1_256' title='bbox 391 2360 453 2395; x_wconf 89' lang='lat' dir='ltr'>est</span> <span class='ocrx_word' id='word_1_257' title='bbox 486 2360 767 2413; x_wconf 85' lang='lat' dir='ltr'>peccatorum</span> <span class='ocrx_word' id='word_1_258' title='bbox 781 2387 791 2405; x_wconf 81' lang='lat'>‚</span> <span class='ocrx_word' id='word_1_259' title='bbox 830 2349 1072 2395; x_wconf 86' lang='lat' dir='ltr'>retribuens</span> <span class='ocrx_word' id='word_1_260' title='bbox 1107 2348 1166 2394; x_wconf 89' lang='lat' dir='ltr'>eis</span> <span class='ocrx_word' id='word_1_261' title='bbox 1203 2349 1444 2394; x_wconf 85' lang='lat' dir='ltr'>secundum</span> 
     </span>
     <span class='ocr_line' id='line_1_31' title="bbox 0 2419 1445 2483; baseline -0.001 -17"><span class='ocrx_word' id='word_1_262' title='bbox 0 2434 1 2442; x_wconf 61' lang='lat'>¹</span> <span class='ocrx_word' id='word_1_263' title='bbox 72 2436 205 2483; x_wconf 89' lang='lat' dir='ltr'>opera</span> <span class='ocrx_word' id='word_1_264' title='bbox 224 2436 299 2466; x_wconf 88' lang='lat' dir='ltr'>sua</span> <span class='ocrx_word' id='word_1_265' title='bbox 316 2457 328 2476; x_wconf 90' lang='lat'>‚</span> <span class='ocrx_word' id='word_1_266' title='bbox 347 2437 419 2466; x_wconf 83' lang='lat' dir='ltr'>eos</span> <span class='ocrx_word' id='word_1_267' title='bbox 443 2420 559 2483; x_wconf 88' lang='lat' dir='ltr'>ipsos</span> <span class='ocrx_word' id='word_1_268' title='bbox 582 2421 787 2483; x_wconf 89' lang='lat' dir='ltr'>pessimos</span> <span class='ocrx_word' id='word_1_269' title='bbox 809 2431 852 2465; x_wconf 88' lang='lat' dir='ltr'>et</span> <span class='ocrx_word' id='word_1_270' title='bbox 876 2419 1146 2466; x_wconf 85' lang='lat' dir='ltr'>damnabiles</span> <span class='ocrx_word' id='word_1_271' title='bbox 1164 2420 1340 2483; x_wconf 87' lang='lat' dir='ltr'>spiritus</span> <span class='ocrx_word' id='word_1_272' title='bbox 1355 2435 1445 2482; x_wconf 87' lang='lat' dir='ltr'>pu-</span> 
     </span>
     <span class='ocr_line' id='line_1_32' title="bbox 73 2489 1444 2554; baseline -0.001 -19"><span class='ocrx_word' id='word_1_273' title='bbox 73 2489 332 2536; x_wconf 80' lang='lat' dir='ltr'>niendorum</span> <span class='ocrx_word' id='word_1_274' title='bbox 351 2490 568 2553; x_wconf 84' lang='lat' dir='ltr'>supplicia</span> <span class='ocrx_word' id='word_1_275' title='bbox 583 2490 743 2537; x_wconf 87' lang='lat' dir='ltr'>faciens</span> <span class='ocrx_word' id='word_1_276' title='bbox 759 2526 771 2547; x_wconf 86' lang='lat'><strong>,</strong></span> <span class='ocrx_word' id='word_1_277' title='bbox 796 2490 873 2553; x_wconf 89' lang='lat' dir='ltr'>qui</span> <span class='ocrx_word' id='word_1_278' title='bbox 901 2490 1012 2536; x_wconf 89' lang='lat' dir='ltr'>bene</span> <span class='ocrx_word' id='word_1_279' title='bbox 1025 2493 1227 2554; x_wconf 85' lang='lat' dir='ltr'>justeque</span> <span class='ocrx_word' id='word_1_280' title='bbox 1247 2490 1383 2535; x_wconf 84' lang='lat' dir='ltr'>utitur</span> <span class='ocrx_word' id='word_1_281' title='bbox 1402 2499 1444 2534; x_wconf 86' lang='lat' dir='ltr'>et</span> 
     </span>
    </p>
   </div>
   <div class='ocr_carea' id='block_1_3' title="bbox 78 2585 1446 2683">
    <p class='ocr_par' dir='ltr' id='par_1_4' title="bbox 78 2585 1446 2683">
     <span class='ocr_line' id='line_1_33' title="bbox 123 2585 1446 2634; baseline 0.002 -14"><span class='ocrx_word' id='word_1_282' title='bbox 123 2587 136 2611; x_wconf 85' lang='lat'><strong>¹</strong></span> <span class='ocrx_word' id='word_1_283' title='bbox 160 2585 232 2622; x_wconf 76' lang='lat' dir='ltr'>Lib.</span> <span class='ocrx_word' id='word_1_284' title='bbox 253 2599 283 2622; x_wconf 86' lang='lat'>1.</span> <span class='ocrx_word' id='word_1_285' title='bbox 303 2587 343 2621; x_wconf 80' lang='lat' dir='ltr'>de</span> <span class='ocrx_word' id='word_1_286' title='bbox 359 2588 489 2633; x_wconf 82' lang='lat' dir='ltr'>Nuptiis</span> <span class='ocrx_word' id='word_1_287' title='bbox 503 2593 535 2622; x_wconf 76' lang='lat' dir='ltr'>et</span> <span class='ocrx_word' id='word_1_288' title='bbox 550 2590 691 2634; x_wconf 79' lang='lat' dir='ltr'>Concup.</span> <span class='ocrx_word' id='word_1_289' title='bbox 705 2599 776 2634; x_wconf 77' lang='lat' dir='ltr'>cap.</span> <span class='ocrx_word' id='word_1_290' title='bbox 790 2591 825 2625; x_wconf 88' lang='grc'>6.</span> <span class='ocrx_word' id='word_1_291' title='bbox 839 2607 886 2615; x_wconf 82' lang='grc'>-·</span> <span class='ocrx_word' id='word_1_292' title='bbox 899 2588 917 2614; x_wconf 76' lang='lat'>²</span> <span class='ocrx_word' id='word_1_293' title='bbox 932 2590 1011 2625; x_wconf 76' lang='lat' dir='ltr'>Psat.</span> <span class='ocrx_word' id='word_1_294' title='bbox 1029 2601 1155 2630; x_wconf 70' lang='lat' dir='ltr'>mxvn,</span> <span class='ocrx_word' id='word_1_295' title='bbox 1171 2596 1227 2633; x_wconf 77' lang='lat'>49.</span> <span class='ocrx_word' id='word_1_296' title='bbox 1243 2607 1286 2615; x_wconf 91' lang='lat'>—</span> <span class='ocrx_word' id='word_1_297' title='bbox 1301 2587 1316 2613; x_wconf 80' lang='lat'><strong>3</strong></span> <span class='ocrx_word' id='word_1_298' title='bbox 1337 2601 1350 2621; x_wconf 87' lang='lat'>1</span> <span class='ocrx_word' id='word_1_299' title='bbox 1368 2591 1446 2626; x_wconf 73' lang='lat' dir='ltr'>Cor.</span> 
     </span>
     <span class='ocr_line' id='line_1_34' title="bbox 78 2648 184 2683; baseline 0.019 -9"><span class='ocrx_word' id='word_1_300' title='bbox 78 2653 132 2683; x_wconf 81' lang='lat' dir='ltr'>xv,</span> <span class='ocrx_word' id='word_1_301' title='bbox 151 2648 184 2680; x_wconf 73' lang='grc'>4.</span> 
     </span>
    </p>
   </div>
  </div>
 </body>
</html>
