1843 3190
348 296 475 326 mena
512 296 567 326 DE
604 295 767 326 GRATIA
801 296 853 327 ET
888 297 1049 328 LIBERO
1086 298 1316 329 Aassirmo.
1423 284 1515 348 489

153 360 331 420 gratiam
356 362 571 424 pertinet,
598 372 637 407 et
662 361 767 407 fides
791 362 1058 409 credentium
1081 400 1090 413 ,
1121 374 1161 408 et
1194 364 1414 410 tolerantia
1437 384 1517 428 pa·

154 429 375 485 tientium,
413 432 515 493 quia
547 441 781 493 utrumque
813 432 918 477 dixit
953 449 1038 477 esse
1072 432 1295 479 donatum.
1335 435 1389 479 Et
1410 435 1520 481 illud

152 500 334 544 maxime
360 501 436 545 ubi
476 500 612 556 dicit,
641 523 658 541 «
683 501 899 547 Habentes
921 513 1060 547 autem
1095 502 1294 547 eumdem
1320 503 1521 566 spiritum

152 567 252 613 fidei
274 568 307 615 4.
338 590 358 610 ›>
384 570 480 614 Non
505 569 618 614 enirn
647 571 720 622 ait,
745 570 965 615 scientiam
991 571 1114 622 fidoi,
1140 571 1209 616 sed
1236 609 1247 627 ,
1267 593 1285 611 α
1306 572 1521 634 Spiritum

152 637 284 682 »fidei
311 656 320 682 :
345 659 363 678 »
389 638 504 701 quod
528 650 754 701 propterea
779 640 901 694 dixit,
918 650 962 683 ut
986 640 1448 703 intelligeremus‚quia
1473 643 1520 687 fi-

152 706 261 751 »des
283 718 324 752 et
340 709 566 770 nonpetita
585 709 858 761 conceditur,
879 720 926 754 ut
943 711 980 754 ei
998 710 1159 771 petenti
1180 709 1259 754 alia
1278 711 1520 757 concedan-

149 785 238 830 tur,
269 777 544 832 «Quomodo
570 778 999 833 eniminvocabunt‚
1028 779 1182 842 inquit,
1211 779 1254 823 in
1273 796 1403 842 quem
1432 799 1519 827 non

151 867 170 885 »
191 845 532 892 crediderunt&
553 868 572 888 ι(
593 848 704 906 Ergo
722 847 898 910 spiritus
921 849 1069 907 gratiae
1086 848 1191 893 facit
1215 859 1263 894 ut
1282 849 1518 896 habeamus

150 914 280 961 fidem
303 953 315 971 ,
358 926 405 961 ut
432 934 509 979 per
535 916 664 962 fidem
689 917 968 979 impetremus
1003 917 1166 963 orando
1189 955 1199 973 ,
1245 929 1291 964 ut
1310 919 1521 980 possimus

147 983 287 1030 facere
320 1002 420 1047 quae
452 986 674 1045 jubemur.
718 987 821 1032 Ideo
856 987 947 1049 ipse
985 988 1219 1049 Apostolus
1244 988 1408 1033 assidue
1437 988 1517 1048 legi

146 1056 372 1118 praeponit
410 1055 569 1100 fidem:
606 1058 815 1119 quoniam
841 1056 959 1118 quod
984 1056 1047 1101 lex
1071 1058 1218 1116 jubet,
1254 1057 1393 1103 facere
1431 1074 1520 1103 non

147 1124 338 1170 valemus
355 1162 364 1180 ‚
392 1125 471 1170 nisi
492 1143 569 1188 per
602 1126 731 1172 fidem
754 1126 946 1185 rogando
973 1127 1255 1189 impetremus
1271 1164 1281 1183 ,
1302 1138 1351 1172 ut
1377 1126 1520 1173 facere

147 1194 378 1241 valeamus.

213 1265 376 1311 XXIX.
409 1267 519 1311 Nam
544 1265 578 1310 si
603 1265 708 1310 fides
742 1265 868 1310 liberi
893 1277 955 1311 est
979 1265 1282 1311 tantummodo
1317 1265 1514 1323 arbitrii,

150 1352 229 1380 nec
253 1335 380 1381 datur
404 1355 425 1381 a
465 1338 555 1381 Deo
573 1373 583 1391 ‚
619 1347 798 1399 propter
824 1337 929 1399 quid
956 1355 1036 1399 pro
1058 1338 1116 1381 eis
1138 1337 1211 1399 qui
1243 1336 1399 1381 nolunt
1421 1353 1518 1381 cre-

146 1407 262 1459 dere,
289 1423 461 1451 oramus
481 1416 528 1450 ut
555 1406 766 1451 credant?
794 1406 924 1461 Quod
956 1423 1131 1469 prorsus
1163 1406 1397 1450 faceremus
1420 1405 1518 1450 ina—

146 1475 274 1529 niter,
297 1475 376 1520 nisi
396 1475 625 1520 rectissime
652 1475 938 1530 crederemus,
962 1477 1088 1521 etiam
1115 1493 1332 1539 perversas
1353 1486 1392 1520 et
1417 1475 1518 1520 fidei

147 1545 384 1590 contrarias
397 1545 636 1590 voluntates
660 1546 1001 1608 omnipotentem
1022 1547 1158 1590 Deum
1179 1545 1232 1590 ad
1254 1544 1518 1590 credendum

145 1632 268 1678 posse
309 1626 568 1661 convertere.
610 1615 817 1660 Liberum
858 1616 1031 1678 quidem
1067 1616 1255 1661 hominis
1288 1615 1518 1660 arbitrium

145 1685 344 1749 pulsatur
363 1722 373 1740 ,
404 1686 481 1731 ubi
505 1685 665 1730 dicitur
681 1723 691 1741 ‚
719 1707 738 1726 «
762 1687 899 1731 Hodie
916 1687 947 1731 si
976 1703 1121 1731 vocem
1149 1690 1240 1745 ejus
1265 1685 1483 1730 audieritis
1502 1720 1513 1738 ‚

148 1776 168 1797 ³>
184 1755 323 1801 nolite·
351 1756 570 1801 obdurare
605 1756 736 1801 corda
760 1767 898 1801 vestra
915 1757 946 1803 3.
967 1780 985 1798 »
1023 1757 1107 1801 Sed
1142 1757 1219 1801 nisi
1243 1766 1385 1819 posset
1405 1757 1517 1799 Deus

146 1825 275 1871 etiam
292 1825 497 1871 duritiam
526 1826 669 1871 cordis
695 1826 860 1871 auferre
877 1863 886 1877 ,
922 1844 1009 1872 non
1034 1827 1193 1871 diceret
1219 1843 1294 1889 per
1315 1825 1517 1887 Prophe-

147 1905 252 1950 tam‚
274 1894 506 1940 «Auferam
528 1896 583 1940 ab
607 1896 665 1941 eis
690 1913 766 1940 cor
785 1896 1025 1959 lapideum,
1050 1907 1088 1941 et
1109 1896 1224 1941 dabo
1242 1896 1299 1941 eis
1324 1911 1400 1940 cor
1419 1910 1519 1938 car-

145 1986 162 2006 »
179 1982 275 2010 nem
298 1964 331 2011 [⁸.
353 1987 371 2005 »
390 1964 520 2021 Quod
546 1965 599 2010 de
622 1965 745 2011 Novo
771 1966 1048 2010 Testamento
1075 1965 1200 2010 fuisse
1223 1963 1483 2026 praedictum
1503 1998 1514 2016 ‚

145 2035 245 2080 satis
272 2035 500 2099 Apostolus
522 2035 739 2090 ostendit,
769 2035 845 2080 ubi
883 2036 967 2090 ait,
1010 2057 1028 2075 α
1056 2034 1247 2097 Epistola
1276 2043 1419 2078 nostra
1442 2048 1517 2076 vos

147 2125 168 2146 »
182 2106 297 2160 estis,
323 2105 581 2168 scriptanon
596 2116 851 2160 atramento,
875 2105 946 2149 sed
969 2105 1123 2167 spiritu
1150 2104 1223 2148 Dei
1247 2102 1351 2154 vivi3
1367 2119 1449 2146 non
1474 2102 1519 2145 in

149 2175 339 2220 »tabulis
358 2175 554 2238 lapideis,
572 2174 642 2219 sed
660 2175 702 2219 in
717 2175 873 2219 tabulis
890 2174 1032 2219 cordis
1050 2174 1299 2219 carnalibus
1311 2172 1343 2219 ⁵.
1358 2194 1374 2212 υ
1387 2169 1520 2227 Quod

147 2264 232 2291 non
254 2245 350 2291 ideo
369 2246 534 2291 dictum
555 2256 774 2308 putemus,
797 2256 842 2290 ut
858 2245 1086 2290 carnaliter
1100 2245 1247 2289 vivant
1262 2243 1336 2306 qui
1356 2242 1517 2287 debent

147 2316 397 2380 spiritaliter
408 2318 550 2362 vivere
566 2333 577 2360 t
596 2315 665 2360 sed
677 2316 794 2378 ‚quia
809 2315 918 2377 lapis
935 2315 1023 2360 sine
1037 2332 1157 2359 sensu
1172 2324 1246 2368 est,
1267 2313 1335 2358 cui
1347 2327 1519 2373 compa-

147 2398 360 2433 ratumest
374 2405 447 2433 cor
468 2388 644 2438 durum,
664 2386 824 2432 cuinisi
839 2385 1163 2431 carnisentienti
1186 2402 1260 2430 cor
1280 2383 1519 2440 intelligens

149 2457 300 2504 debuit
322 2459 593 2523 comparari?
621 2458 692 2503 Sic
718 2456 831 2501 enim
852 2456 938 2501 hoc
962 2455 1125 2502 dicitur
1151 2472 1228 2519 per
1255 2452 1520 2499 Ezechielem

197 2555 208 2577 ¹
229 2567 246 2586 2
261 2557 336 2588 Cor.
351 2568 394 2594 xv,
414 2559 465 2589 13.
480 2576 522 2582 —
538 2556 552 2580 2
571 2560 666 2590 Rom.
686 2566 718 2594 x,
748 2563 800 2594 14.
820 2573 860 2580 —
877 2553 892 2577 3
910 2555 990 2588 Psat.
1010 2565 1097 2594 κων,
1117 2556 1148 2587 8.
1167 2572 1210 2579 —-
1230 2552 1374 2585 ⁴¹⁵Ezech.
1393 2563 1437 2590 xi,
1462 2562 1516 2593 19.

148 2609 221 2635 —5
241 2623 258 2643 α
277 2614 350 2645 Cor.
367 2621 416 2653 ΙΙΙ,
437 2625 467 2645 2.
