1843 3190
355 319 530 352 commi
562 319 789 353 summum
823 319 1129 363 ruscianum,
1167 322 1255 356 ms.
1296 325 1359 356 v1.
1433 310 1527 371 4i3

159 401 334 450 quoque
350 385 660 450 perfectionem
677 403 777 452 quae
803 398 1000 452 speratur
1015 425 1026 446 ,
1053 388 1204 436 eodem
1230 389 1492 454 baptismate
1511 429 1523 449 ,

158 457 279 520 quod
305 457 380 504 hie
407 458 646 522 accipitur,
671 460 939 522 pervenitur.
965 460 1065 506 Non
1097 470 1240 506 autem
1276 478 1423 507 omnes
1450 462 1530 508 filii

157 527 303 573 saeculi
329 527 408 574 filii
424 539 523 575 sunt
550 528 740 586 diaboli,
768 530 965 593 quamvis
991 547 1138 576 omnes
1162 530 1240 576 filii
1263 530 1428 577 diaboli
1449 532 1529 578 filii

156 597 242 643 sint
264 599 426 646 saeculi.
456 599 569 645 Sunt
591 599 707 646 enim
726 600 857 646 etiam
882 600 961 645 filii
988 601 1094 655 Dei,
1118 601 1194 663 qui
1210 612 1354 648 tamen
1381 602 1528 649 adhuc

156 666 237 713 filii
254 679 354 714 sunt
379 669 556 724 saeculi,
579 680 762 733 propter
785 669 906 733 quod
923 680 966 715 et
988 671 1190 730 conjugio
1221 672 1485 734 copulantur
1511 692 1522 719 ι

154 758 174 780 «
194 738 281 784 Sed
300 739 413 785 filios
430 739 512 785 Dei
530 756 659 785 carne
683 756 771 786 non
791 740 973 800 gignunt
987 776 998 795 ‚
1027 740 1129 803 quia
1149 751 1192 786 et
1212 741 1297 804 ipsi
1322 752 1370 787 ut
1391 754 1528 789 essent

154 830 177 851 »
192 809 271 855 filii
285 810 385 866 Dei,
408 827 496 856 non
516 827 564 856 ex
583 827 730 867 carne,
756 827 847 855 non
871 827 918 856 ex
941 811 1170 870 sanguine,
1191 829 1279 857 non
1302 829 1350 858 ex
1365 813 1524 859 volun-

152 900 176 922 »
195 890 281 926 tate
304 879 388 927 viri
408 917 420 937 ‚
455 897 596 944 neque
619 897 668 927 ex
690 879 914 927 voluntate
943 880 1083 926 carnis
1102 917 1114 937 ,
1145 881 1218 927 sed
1242 899 1289 927 ex
1314 883 1405 928 Deo
1434 883 1526 929 nati

151 971 174 993 >³
192 962 292 997 sunt
302 949 336 998 1.
361 971 382 994 >2
406 951 706 998 Sanctificatio
738 968 838 1011 ergo
867 968 946 1014 per
970 951 1239 1015 baptismum
1257 953 1386 999 etiam
1406 971 1524 1000 nunc

151 1021 374 1068 confertur
397 1032 440 1068 et
459 1022 653 1086 corpori,
681 1039 768 1068 non
789 1032 934 1067 tamen
954 1038 1073 1068 nunc
1091 1023 1315 1086 corruptio
1341 1028 1431 1084 ejus
1449 1042 1524 1070 au-

148 1090 287 1139 fertur
304 1129 316 1150 ,
356 1109 457 1157 quae
480 1092 620 1156 ipsam
655 1108 831 1157 quoque
854 1103 1058 1152 aggravat
1098 1093 1300 1140 animam.
1346 1096 1403 1140 Et
1425 1095 1522 1141 ideo

150 1163 350 1225 quamvis
372 1174 488 1210 casta
512 1163 598 1209 sint
614 1180 817 1227 corpora,
835 1179 936 1209 cum
959 1162 1180 1208 desideriis
1199 1165 1372 1226 peccati
1390 1183 1523 1212 mem-

149 1232 230 1280 bra
253 1251 341 1280 non
370 1234 564 1281 serviunt
580 1271 592 1291 ,
616 1245 800 1298 propter
824 1232 945 1297 quod
969 1233 1024 1279 ad
1043 1234 1259 1297 templum
1282 1235 1361 1281 Dei
1381 1238 1522 1299 perti-

148 1304 525 1368 nerelcoeperunts
554 1315 617 1351 est
635 1314 779 1351 tamen
802 1303 922 1368 quod
942 1304 1079 1364 gratia
1101 1305 1147 1350 in
1172 1315 1263 1351 tota
1285 1305 1367 1351 ista
1387 1307 1525 1353 aedifi-

148 1374 316 1421 catione
338 1375 556 1439 perficiat,
582 1374 782 1438 quandiu
801 1391 901 1420 caro
924 1374 1198 1437 concupiscit
1221 1375 1423 1422 adversus
1434 1378 1521 1440 spi-

146 1446 281 1491 ritum
301 1456 348 1491 ut
378 1456 520 1492 motus
551 1445 688 1492 malos
722 1445 800 1509 qui
831 1445 1077 1492 refrenandi
1109 1457 1209 1492 sunt
1231 1447 1381 1493 incitet
1399 1449 1418 1476 2
1441 1485 1453 1504 ,
1480 1460 1523 1494 et

146 1516 322 1579 spiritus
345 1516 549 1563 adversus
572 1533 745 1562 carnem
764 1526 812 1562 ut
829 1517 1033 1562 sanctitas
1049 1528 1305 1579 perseveret.

211 1588 329 1634 XLI.
356 1587 466 1644 Quis
492 1597 640 1633 autem
677 1587 813 1633 nescit
835 1587 955 1652 quod
981 1587 1108 1633 nobis
1142 1588 1332 1648 egregius
1365 1588 1520 1635 doctor

143 1655 499 1713 inculcas,<‹ldeo
520 1657 608 1703 dici
629 1674 803 1703 carnem
824 1657 1149 1720 concupiscere,
1167 1659 1271 1721 quia
1289 1660 1518 1705 carnaliter

145 1726 289 1773 anima
311 1727 614 1791 concupiscit?
640 1747 661 1769 »
686 1728 786 1773 Non
814 1728 928 1772 enim
951 1727 1041 1773 sine
1073 1727 1218 1773 anima
1251 1727 1339 1773 ulla
1376 1739 1519 1791 potest

144 1813 231 1843 esse
248 1798 389 1843 carnis
411 1797 779 1860 concupiscentia.
813 1798 926 1843 Nam
959 1796 1110 1860 utique
1127 1798 1434 1860 concupiscere
1451 1799 1519 1845 vi-

143 1868 282 1914 ventis
299 1869 601 1932 sentientisque
631 1879 801 1914 naturae
828 1878 918 1913 est:
952 1868 1012 1913 ita
1039 1877 1087 1913 ut
1108 1884 1197 1913 non
1222 1867 1331 1914 desit
1353 1886 1519 1914 concu-

142 1939 372 2002 piscentia,
402 1956 533 2003 quam
553 1937 799 2003 spadonum
818 1954 994 2002 quoque
1009 1938 1180 1983 castitas
1196 1938 1332 1984 frenet
1350 1940 1516 1992 ;minus

144 2009 322 2072 quidem
345 2009 562 2056 laboriosa
583 2047 594 2067 ‚
620 2009 723 2074 quia
757 2009 835 2055 ubi
871 2009 1094 2055 materiam
1125 2008 1180 2054 de
1204 2026 1292 2072 qua
1313 2021 1517 2073 operetur

143 2097 233 2126 non
249 2081 414 2127 invenit
435 2118 446 2135 ,
482 2081 627 2126 minus
664 2079 865 2127 adversus
899 2097 993 2125 eam
1013 2077 1152 2125 libido
1175 2081 1425 2140 consurgit:
1455 2094 1517 2128 est

144 2160 290 2196 tamen
305 2188 315 2206 ‚
340 2150 588 2214 pudiceque
613 2150 936 2213 comprimitur,
953 2166 1007 2194 ne
1025 2150 1346 2196 concumbendi
1363 2169 1516 2215 quam-

144 2220 208 2266 vis
241 2220 388 2266 irritus
417 2221 509 2284 ipse
541 2230 751 2276 conatus,
790 2219 837 2264 in
873 2236 968 2264 eam
1000 2218 1317 2281 turpitudinem
1338 2222 1483 2267 veniat
1503 2260 1514 2277 ,

144 2300 326 2353 propter
336 2306 469 2354 quam
486 2289 763 2349 Calligonum
771 2288 1060 2334 Valentiniani
1067 2289 1251 2349 junioris
1263 2291 1517 2338 eunuchum

146 2359 290 2420 gladio
324 2361 526 2406 novimus
562 2360 703 2406 ultore
730 2360 936 2424 punitum
955 2397 967 2416 ,
990 2359 1227 2405 meretricis
1253 2361 1517 2408 confessione

146 2432 412 2478 convictum.
443 2432 596 2494 Neque
619 2432 734 2478 enim
761 2442 802 2477 et
834 2431 881 2477 in
902 2430 1019 2476 libro
1048 2429 1351 2477 Ecclesiastico
1384 2433 1517 2478 adhi—

144 2500 322 2548 beretur
342 2501 444 2548 inde
463 2501 720 2558 similitudo,
753 2512 880 2565 atque
904 2501 1121 2547 diceretur
1137 2538 1148 2557 ,
1172 2522 1193 2543 «
1208 2500 1367 2547 Videns
1382 2502 1518 2548 oculis

149 2593 171 2615 »
190 2583 233 2619 et
260 2573 568 2634 ingemiscens,
600 2573 725 2636 quasi
755 2572 893 2638 spado
916 2572 1209 2637 complectens
1238 2571 1451 2630 virginem
1476 2583 1518 2618 et

196 2655 209 2678 ¹
229 2657 326 2690 Joan.
350 2666 380 2695 1,
400 2652 544 2689 ι3.--2
559 2655 665 2688 Galat.
681 2666 711 2696 v,
731 2666 786 2695 ¹7·
