1843 3190
332 280 506 313 CONTRA
540 279 767 310 JULIANUM
802 277 1109 319 PELAGIANUM‚
1148 280 1236 311 Lm.
1277 281 1339 311 vl.
1415 265 1509 321 455

138 348 319 409 gratiam
343 349 629 411 respirabant.
672 345 756 390 Sed
790 346 891 408 quia
923 362 1056 390 unum
1090 344 1200 390 illud
1241 346 1507 402 sufficiebat,

138 430 319 483 propter
354 418 472 481 quod
512 418 641 463 etiam
674 416 809 461 solum
848 417 969 460 fieret
997 415 1301 461 condemnatio
1325 436 1335 468 ;
1362 417 1511 475 gratiae

139 506 239 534 vero
255 506 344 534 non
362 488 603 533 sufficiebat
620 485 730 531 illud
758 502 894 530 unum
915 485 1072 541 delere,
1100 485 1171 530 sed
1195 496 1236 531 et
1255 486 1391 531 multa
1410 503 1512 548 quae

139 559 309 620 adjecta
333 569 433 604 sunt
451 594 461 613 ,
497 568 547 603 ut
572 557 767 602 omnium
802 555 1046 601 remissione
1078 557 1197 601 fieret
1217 557 1470 616 justificatio
1496 573 1508 601 ε

138 629 236 674 ideo
262 629 412 691 utique
435 628 602 673 dictum
618 638 697 681 est,
715 647 735 668 «
754 625 979 671 Judieium
997 642 1044 670 ex
1064 642 1150 670 uno
1170 626 1215 670 in
1238 626 1510 673 condemna-

140 699 483 758 »tionem‚gratia
494 709 637 743 autem
649 713 697 741 ex
712 696 857 741 multis
866 695 1033 741 delictis
1051 696 1512 754 injustificationem.»

141 769 252 813 Nam
277 769 388 814 sicut
418 784 507 813 non
544 767 769 812 imitantur
796 766 1018 811 Christum
1046 766 1251 828 parvuli,
1281 765 1381 829 quia
1405 783 1513 812 non-

140 839 244 890 dum
263 849 461 902 possunt,
490 848 532 883 et
551 849 696 882 tamen
721 836 775 881 ad
799 840 889 896 ejus
908 836 1088 896 gratiam
1114 836 1350 899 spiritalem
1372 837 1513 899 perti-

141 927 239 955 nere
261 920 439 972 possunt
465 926 475 954 ε
500 909 561 954 ita
585 908 671 953 sine
698 907 937 953 imitatione
967 907 1099 970 primi
1124 907 1339 962 hominis,
1363 918 1514 952 conta—

141 979 266 1038 gione
295 990 437 1024 tamen
455 996 502 1024 ex
533 978 627 1041 ipso
662 977 846 1023 carnalis
869 977 1149 1037 generationis
1172 977 1371 1022 obstricti
1394 987 1507 1026 sunt.

142 1050 188 1094 Si
214 1059 356 1094 autem
386 1059 617 1112 propterea
642 1048 705 1094 vis
727 1064 797 1093 eos
821 1064 845 1091 a
867 1047 998 1109 primi
1028 1046 1218 1092 hominis
1247 1046 1405 1095 alienos
1429 1064 1515 1100 esse

141 1129 322 1181 peccato
339 1155 351 1174 ,
387 1119 490 1181 quia
515 1135 612 1163 eum
636 1135 724 1163 non
749 1127 850 1162 sunt
872 1117 1029 1161 imitati
1054 1116 1233 1179 propria
1255 1116 1477 1162 voluntate
1499 1133 1509 1143 ·

141 1188 219 1232 ista
244 1188 410 1236 ratione
432 1188 638 1234 alienabis
673 1205 742 1233 eos
776 1198 818 1232 et
851 1204 874 1230 a
890 1187 1059 1246 justitia
1084 1187 1248 1232 Christi
1272 1224 1283 1243 ‚
1313 1187 1414 1250 quia
1438 1203 1518 1232 nec

140 1257 282 1320 ipsum
304 1258 461 1303 imitati
479 1269 580 1303 sunt
602 1257 782 1321 propria
805 1256 1040 1302 voluntate.

207 1328 388 1374 LXXX.
420 1348 440 1368 <c
458 1329 571 1373 Cum
604 1345 705 1373 vero
740 1327 900 1372 multos
917 1364 927 1383 ,
972 1326 1092 1389 quod
1112 1326 1219 1372 dixit
1238 1337 1409 1390 postea;
1430 1344 1518 1373 non

143 1397 207 1442 vis
248 1397 431 1456 intelligi
480 1414 628 1443 omnes
653 1434 664 1453 ‚
698 1397 818 1460 quod
847 1397 970 1460 prius
1020 1397 1212 1450 dixerat3
1251 1397 1354 1443 ideo
1373 1398 1518 1443 existi-

143 1485 264 1512 mans
283 1467 454 1513 dictum
483 1467 614 1513 fuisse
638 1469 801 1513 multos
821 1505 830 1522 ,
855 1485 908 1512 ne
929 1484 1075 1512 omnes
1093 1468 1432 1527 intelligerentur
1460 1486 1470 1513 z
1498 1490 1518 1511 »

143 1539 305 1600 poteris
330 1537 416 1582 hoc
444 1537 587 1583 dicere
613 1548 654 1582 et
679 1537 732 1582 de
756 1537 915 1582 semine
953 1538 1147 1583 Abrahae
1162 1575 1172 1594 ,
1196 1540 1266 1583 cui
1295 1539 1520 1602 promissae

144 1618 244 1651 sunt
266 1624 413 1652 omnes
437 1624 598 1667 gente5‚
625 1624 714 1652 non
734 1625 880 1652 omnes
900 1618 1042 1666 gentes
1064 1608 1101 1652 ei
1119 1608 1245 1654 fuisse
1262 1609 1517 1672 promissas;

142 1677 244 1740 quia
257 1676 497 1722 dictumest
520 1677 603 1722 alio
625 1677 739 1733 loco,
756 1699 772 1718 (ι
786 1680 958 1723 Patrem
979 1678 1213 1723 multarum
1236 1673 1425 1738 gentium
1442 1697 1520 1742 po-

144 1747 209 1791 sui
243 1757 295 1793 te.
342 1749 418 1792 Est
456 1758 601 1793 autem
633 1765 762 1793 sanus
795 1748 1063 1804 intellectus,
1104 1748 1202 1794 ideo
1234 1750 1294 1794 sie
1329 1748 1522 1796 locutam

145 1817 469 1880 Scripturam³>9
498 1818 599 1880 quia
625 1830 809 1881 possunt
829 1836 916 1866 esse
948 1818 1091 1882 aliqua
1111 1819 1256 1864 omnia
1276 1857 1286 1875 ‚
1315 1836 1414 1882 quae
1434 1837 1522 1865 non

145 1887 400 1933 suntmulta
430 1905 441 1932 :
475 1889 586 1933 sicut
610 1889 754 1933 onmia
780 1888 967 1952 dicimus
1004 1889 1265 1948 Evangelia,
1303 1901 1346 1935 et
1381 1900 1524 1935 tamen

145 1958 265 2003 brevi
286 1975 484 2013 numero,
511 1958 556 2003 id
585 1970 663 2013 est,
692 1960 966 2021 quaternario
987 1961 1278 2006 continentur.
1302 1962 1357 2005 Et
1377 1977 1524 2006 rursus

146 2038 327 2090 possunt
344 2028 490 2091 aliqua
507 2045 594 2074 esse
620 2029 774 2083 multa,
796 2045 885 2073 non
910 2039 1053 2074 tamen
1078 2030 1225 2074 omnia
1248 2047 1258 2074 ε
1281 2030 1391 2075 sicut
1412 2030 1523 2075 mul-

148 2111 213 2145 tos
235 2099 422 2145 dicimus
445 2100 618 2146 credere
636 2102 680 2147 in
701 2102 948 2157 Christum,
975 2119 1053 2147 nec
1084 2113 1227 2147 tamen
1255 2119 1400 2148 omnes
1434 2120 1523 2148 cre-

146 2170 272 2217 dunt.
302 2191 322 2211 «
342 2171 441 2215 Non
476 2171 590 2216 enim
621 2172 817 2218 omnium
844 2183 906 2217 est
937 2172 1071 2217 fides‘2
1091 2209 1100 2218 .
1126 2195 1146 2214 >2
1185 2173 1243 2218 ait
1271 2173 1517 2236 Apostolus,

149 2239 279 2296 Quod
300 2250 445 2289 autem
471 2240 638 2287 dictum
663 2252 752 2296 est,
786 2263 805 2283 «
831 2245 883 2287 In
920 2244 1078 2287 semine
1103 2253 1178 2287 tuo
1207 2243 1521 2289 benedicentur

151 2329 173 2350 >³
195 2326 343 2357 omnes
367 2322 511 2370 gentes
528 2311 545 2340 3
573 2329 584 2356 ε
612 2336 628 2353 »
648 2322 716 2369 et,
739 2334 759 2354 «
781 2314 953 2358 Patrem
974 2312 1210 2358 multarum
1236 2314 1428 2372 gentium
1447 2332 1526 2377 po-

150 2400 171 2420 »
187 2379 254 2424 sui
277 2379 348 2425 tel*
367 2398 378 2425 :
398 2402 420 2422 n
450 2381 619 2430 easdem
650 2399 799 2428 omnes
817 2420 828 2436 ‚
865 2383 1048 2437 multas;
1077 2394 1119 2428 et
1142 2383 1310 2431 easdem
1335 2385 1494 2430 multas
1513 2422 1525 2442 ‚

146 2465 296 2500 omnes
315 2466 403 2497 esse
431 2462 721 2498 monstratum
744 2463 819 2500 est.
850 2455 917 2498 Ita
955 2453 1085 2499 etiam
1109 2470 1210 2499 cum
1237 2453 1405 2500 dictum
1429 2464 1491 2500 est
1513 2492 1526 2512 ,

199 2546 212 2570 ¹
229 2548 313 2583 Gen.
333 2559 418 2588 xxxx,
445 2551 499 2590 18,
525 2556 556 2582 et
571 2562 652 2590 xvu,
675 2552 707 2586 5.
725 2549 800 2575 —2
817 2563 835 2583 2
853 2551 963 2584 Thess.
978 2563 1032 2590 111,
1053 2563 1084 2582 2.
1101 2570 1142 2576 -
1163 2549 1178 2573 3
1202 2552 1285 2584 Gen.
1307 2562 1385 2591 xxn,
1418 2555 1469 2586 18.
1487 2572 1532 2580 -

150 2598 166 2624 ⁴
184 2601 232 2633 Id.
255 2614 336 2642 xva,
353 2604 385 2636 5.
