1843 3190
280 279 453 316 CONTRA
489 276 714 316 sutriam-n
751 278 1057 326 remensum
1096 281 1182 317 ma.
1225 283 1265 317 v.
1366 265 1458 319 335

87 344 168 397 bra
184 349 231 397 in
249 348 346 414 {hoe
377 365 488 414 opus
525 357 669 397 creata
710 346 934 405 famulari3
984 358 1026 397 et
1066 347 1149 396 nisi
1193 362 1342 397 eorum
1371 350 1459 398 im-

86 421 333 486 pedimenta
353 459 364 478 ,
402 432 475 467 aut
508 420 561 467 de
595 421 844 467 infirmitate
864 458 874 477 ‚
910 432 984 467 aut
1019 420 1072 467 de
1104 419 1459 470 immoderatione

88 493 372 555 proveniant,
406 491 560 541 servire
603 491 734 536 animi
769 492 988 554 imperio:
1028 502 1175 554 postea
1212 509 1338 548 vero,
1374 493 1460 538 hoc

87 580 218 622 genus
242 574 384 608 motus
418 563 463 607 in
499 562 568 606 his
608 561 862 607 habendum
900 563 1084 625 putasti,
1124 579 1225 626 quae
1254 563 1391 608 multa
1413 563 1459 608 in

86 644 232 679 nostro
257 650 442 697 corpore
466 631 617 677 ordine
645 648 722 677 suo
758 649 806 677 ac
826 632 1143 695 dispensatione
1166 643 1324 678 secreta
1340 670 1350 685 ,
1374 650 1456 679 vo-

86 703 263 750 luntatis
282 721 368 750 non
391 703 622 766 imperium
640 739 651 758 ‚
679 702 751 748 sed
771 720 1026 749 consensum
1051 703 1292 766 requirunt.
1323 725 1343 743 «
1371 703 1458 748 Ubi

86 775 263 838 quidem
288 774 532 838 perspicuae
563 774 731 819 veritati
763 790 811 818 ex
847 773 990 836 aliqua
1013 783 1136 836 parte
1156 773 1314 818 cessisti
1338 790 1348 818 x
1383 773 1456 818 sed

85 845 195 891 illud
217 846 335 909 quod
360 845 480 908 prius
503 844 666 890 dixeras
692 843 833 889 delere
854 843 1055 890 debuisti.
1089 843 1323 899 Quomodo
1343 843 1458 888 enim

86 916 324 962 secundum
365 917 554 979 priorem
584 916 836 960 sententiam
875 925 1021 970 tuam,
1066 936 1086 956 (ι
1121 913 1190 959 Ad
1225 914 1458 960 voluntatis

86 1003 262 1049 prorsus
285 997 439 1032 nutum
463 987 541 1031 ista
560 1023 570 1033 .
604 985 656 1031 de
683 986 843 1047 quibus
877 985 1040 1044 agimus
1055 1022 1064 1037 ‚
1093 983 1286 1029 membra
1309 983 1457 1030 famu-

85 1056 248 1112 lantur,
291 1068 422 1119 atque
456 1056 641 1118 imperio
679 1055 811 1100 animi
851 1056 1060 1111 serviunt3
1092 1075 1110 1095 υ
1149 1054 1182 1099 si
1219 1054 1457 1100 secundum

85 1128 363 1190 posteriorem
389 1127 642 1172 sententiam
668 1137 784 1180 tum,
812 1146 832 1166 c<
856 1125 980 1171 Sicut
1002 1125 1132 1170 fames
1150 1135 1191 1169 et
1209 1125 1297 1169 sitis
1323 1135 1365 1170 et
1388 1125 1460 1171 di-

85 1197 217 1257 gestio
236 1235 247 1253 ,
268 1215 355 1243 non
381 1197 612 1243 voluntatis
633 1195 865 1258 imperium
887 1231 897 1250 ‚
931 1195 1005 1240 sed
1035 1211 1291 1240 consensum
1311 1195 1459 1257 requi-

84 1271 220 1313 runt?
241 1290 260 1309 »
290 1268 481 1314 Multum
521 1266 698 1330 quidem
728 1265 966 1322 laborasti,
1005 1276 1053 1310 ut
1090 1265 1187 1310 haec
1219 1265 1455 1322 invenires,

85 1355 185 1401 quae
209 1349 359 1384 contra
379 1349 420 1384 te
447 1338 594 1402 potius
612 1354 742 1400 quam
760 1347 912 1382 contra
932 1353 997 1381 me
1017 1335 1179 1381 diceres
1201 1353 1210 1379 :
1232 1334 1304 1380 sed
1323 1335 1366 1380 in
1384 1336 1459 1381 tali

85 1424 215 1453 causa
235 1426 324 1454 non
346 1408 428 1453 tibi
447 1418 551 1453 esset
572 1407 831 1453 necessarius
852 1406 1003 1461 labor,
1041 1406 1075 1451 si
1107 1405 1268 1450 adesset
1288 1405 1449 1469 pudor.

87 1478 207 1534 Quid
231 1479 344 1524 enim
381 1478 558 1541 prodest
578 1514 588 1533 ,
625 1477 726 1540 quia
748 1498 767 1517 α
784 1475 1079 1521 verecundari
1103 1485 1143 1520 te
1172 1474 1280 1520 dicis
1299 1512 1310 1530 ,
1344 1486 1385 1521 et
1405 1476 1459 1521 de

85 1550 216 1595 rebus
245 1550 368 1612 loqui
406 1549 566 1594 talibus
601 1548 782 1593 horrore
816 1547 1070 1609 prohiberi,
1110 1545 1185 1591 sed
1212 1547 1461 1593 necessitate

86 1619 290 1682 compelli
311 1637 321 1663 z
347 1640 367 1660 ›>
382 1618 559 1682 quando
576 1635 663 1663 non
683 1617 893 1663 erubuisti
914 1617 1166 1662 sententiam
1186 1626 1307 1661 tuam
1325 1617 1460 1662 relin-

86 1707 216 1753 quere
239 1690 446 1753 scriptam
466 1726 476 1745 ‚
506 1700 657 1735 contra
679 1705 811 1752 quam
834 1699 879 1734 tu
903 1687 994 1751 ipse
1017 1687 1251 1750 perspicua
1279 1687 1460 1734 veritate

88 1761 311 1817 turbatus,
333 1778 431 1806 mox
464 1760 590 1805 aliam
620 1758 873 1805 sententiam
911 1757 1166 1821 protulisti?
1193 1757 1457 1821 Quanquam

87 1842 128 1877 et
140 1833 232 1895 ipsa
252 1832 606 1878 commemoratio
623 1832 898 1877 verecundiae
919 1841 1005 1875 tuae
1023 1829 1151 1874 nimis
1171 1829 1462 1874 inverecunda

87 1914 162 1950 est.
183 1903 268 1949 Sed
285 1903 381 1949 ideo
398 1902 509 1948 mihi
525 1902 685 1966 placet,
708 1904 811 1966 quia
836 1912 987 1948 contra
1012 1911 1052 1945 te
1075 1899 1282 1962 loquitur.
1315 1900 1459 1945 Homo

87 1992 130 2020 es
153 1975 266 2020 enim
288 2011 299 2030 ,
327 1973 405 2037 qui
428 1990 515 2018 non
549 1973 764 2018 erubescis
800 1972 1027 2019 libidinem
1051 1969 1253 2026 laudare,
1290 1980 1332 2014 et
1358 1987 1461 2016 eru-

86 2044 259 2090 bescere
278 2055 319 2089 te
345 2043 454 2088 dicis
470 2043 523 2089 de
545 2042 742 2088 libidinis
759 2043 953 2089 motibus
973 2041 1210 2103 disputare.

151 2115 274 2160 XXI.
318 2113 437 2170 Quid
489 2124 629 2159 autem
671 2130 877 2172 magnum
919 2111 1059 2156 fuerat
1102 2110 1260 2155 intueri
1283 2146 1294 2166 ,
1343 2110 1463 2173 quod

87 2195 371 2248 posteaquam
395 2183 482 2228 dixi
502 2201 511 2228 :
541 2204 561 2223 α
582 2184 640 2228 Ut
673 2183 755 2228 alia
777 2183 973 2227 membra
1000 2191 1256 2225 moveantur
1272 2181 1462 2243 positum

86 2255 133 2300 in
150 2264 361 2318 potestate
380 2263 464 2309 est3
486 2276 504 2294 n
525 2254 734 2298 continuo
754 2252 937 2312 subjeci,
959 2272 978 2292 c<
995 2249 1184 2306 Quando
1200 2249 1256 2294 ab
1278 2249 1463 2313 impedi-

88 2326 242 2372 mentis
269 2341 428 2387 corpus
464 2324 651 2369 liberum
687 2324 901 2368 habemus
941 2333 982 2367 et
1021 2324 1204 2366 sanum?
1225 2341 1244 2361 >1
1279 2320 1464 2368 Somnus

89 2398 204 2443 enim
228 2395 406 2460 quando
434 2396 592 2441 invitos
618 2394 799 2457 premit,
826 2405 867 2439 et
893 2391 1101 2438 lassitudo
1121 2427 1132 2440 .
1157 2391 1306 2454 utique
1324 2392 1466 2455 impe-

89 2467 281 2513 dimenta
318 2478 446 2522 sunt,
486 2467 648 2529 quibus
675 2466 970 2513 membrorum
1008 2462 1174 2523 agilitas
1207 2462 1460 2525 impeditur.

90 2537 259 2583 Deinde
290 2537 411 2601 quod
448 2536 540 2581 aisti
560 2574 571 2594 ,
603 2558 623 2577 (ε
643 2537 733 2582 Nec
759 2536 803 2581 in
824 2552 918 2581 eam
939 2544 1108 2598 partem
1130 2532 1251 2594 sequi
1276 2533 1470 2580 membra

92 2624 225 2673 quam
250 2607 478 2665 volumus,
507 2607 542 2653 si
563 2607 624 2653 ita
648 2607 832 2654 velimus
856 2617 905 2653 ut
927 2605 1105 2651 habitus
1126 2603 1218 2666 ipse
1239 2619 1328 2648 non
1349 2605 1465 2667 pati-
