1843 3190
326 222 416 279 ‘248
742 238 776 268 S.
819 236 1062 269 Arctsrmt
1095 236 1297 270 Emscom

324 303 425 350 licet
441 302 494 350 de
517 320 603 368 qua
623 302 731 349 dicit
751 304 981 367 Apostolus
1005 323 1016 356 3
1039 324 1058 344 α
1077 304 1363 350 Condelector
1384 305 1497 351 enim
1509 304 1587 364 legi
1615 303 1690 350 Dei

322 395 345 417 »
371 375 609 420 secundum
622 375 868 419 interiorem
889 373 1111 419 hominem
1131 374 1164 420 ’1.
1190 396 1210 416 »
1228 376 1334 420 Haec
1349 375 1575 421 delectatio
1591 392 1691 437 pro-

319 444 433 490 fecto
461 444 690 499 minuitur,
727 444 904 507 quando
924 444 1001 488 etsi
1024 461 1111 489 non
1136 444 1188 489 ad
1207 445 1480 508 explendam,
1502 456 1613 491 certe
1637 444 1690 490 ad

320 514 664 577 oppugnandam
688 514 869 559 carnalis
894 516 1291 576 concupiscentiam
1316 516 1568 578 Yoltiptatis,
1595 515 1692 560 bel-

311 585 442 630 lantis
458 585 627 629 animus
643 595 901 647 occupatur,
929 596 970 630 et
984 585 1042 630 ita
1062 596 1225 630 exercet
1238 585 1421 644 gloriosa
1436 586 1687 640 certamina,
1702 618 1706 625 -

319 666 367 701 ut
387 673 409 700 a
433 654 716 714 delectatione
738 655 1018 715 intelligibilis
1040 655 1384 717 pulchritudinis
1418 655 1522 718 ipsis
1548 666 1691 701 certa=

323 726 515 772 minibus
537 736 754 772 avocetur.
783 726 866 771 Sed
882 726 984 789 quia
1003 726 1050 771 in
1072 727 1152 771 ista
1169 726 1362 772 humana
1385 727 1551 771 miseria
1570 730 1693 789 peJ'or

317 797 455 840 hostis
479 806 539 840 est
564 795 754 840 cavenda
780 796 1008 857 superbia,
1041 794 1137 839 ideo
1172 795 1377 840 nimirum
1410 812 1498 840 non
1522 796 1692 858 penitus

317 865 579 924 extinguitur
602 865 646 909 in
669 880 795 910 carne
819 864 1135 909 continentium
1156 875 1403 909 sanctorum
1428 864 1506 909 ista
1527 881 1694 910 concu-

316 935 547 999 piscentia,
568 945 615 979 ut
638 934 743 979 dum
766 944 1021 996 pugnantur
1046 933 1247 979 adversus
1267 951 1376 988 eam,
1399 934 1693 997 periculorum

316 1022 492 1050 suorum
529 1005 697 1049 animus
723 1004 1023 1057 admoneatur,
1052 1021 1105 1048 ne
1134 1020 1307 1049 securus
1328 1005 1530 1057 infletur3
1557 1004 1694 1050 donec

316 1075 509 1120 humana
542 1074 749 1133 fragilitas
775 1073 828 1118 ad
852 1084 1013 1118 tantam
1043 1074 1351 1135 perfectionem
1376 1075 1598 1135 perveniat
1624 1092 1694 1119 sa-

316 1146 480 1199 nitatis,
517 1144 594 1190 ubi
612 1144 729 1189 nulla
756 1144 944 1206 putredo
965 1143 1172 1196 lasciviae,
1201 1143 1347 1189 nullus
1372 1155 1518 1189 tumor
1538 1162 1693 1207 super-

316 1216 403 1260 biae
423 1214 696 1260 formidetur.
728 1235 747 1254 «
768 1215 838 1259 Sic
857 1215 994 1259 virtus
1011 1214 1055 1258 in
1079 1214 1330 1259 infirmitate
1346 1215 1574 1276 perficitur
1598 1215 1615 1242 2
1643 1232 1654 1258 ε
1675 1235 1695 1255 ›>

318 1285 421 1347 quia
435 1296 476 1330 et
497 1301 690 1347 pugnare
708 1285 971 1329 infirmitatis
984 1295 1057 1330 est.
1080 1285 1258 1340 Quanto
1278 1285 1391 1329 enim
1407 1284 1589 1347 quisque
1604 1285 1694 1329 vin-

318 1356 379 1401 cit
399 1354 586 1409 facilius,
613 1365 733 1399 tanto
758 1365 927 1417 pugnat
947 1354 1102 1400 minus.
1125 1355 1176 1398 In
1189 1354 1416 1416 semetipso
1437 1365 1579 1398 autem
1598 1354 1696 1417 quis

317 1435 547 1487 pugnaret,
572 1425 603 1469 si
619 1424 730 1469 nihil
750 1442 796 1469 ex
814 1425 1043 1486 semetipso
1059 1424 1198 1468 eidem
1212 1427 1505 1486 repugnaret?
1524 1425 1577 1467 Et
1590 1423 1697 1486 quid

317 1495 444 1541 nobis
468 1505 681 1557 repugnat
701 1512 748 1539 ex
778 1495 905 1539 nobis
935 1495 1015 1539 nisi
1041 1494 1160 1556 quod
1194 1494 1341 1540 adhuc
1364 1504 1542 1539 curatur
1563 1505 1608 1539 ut
1625 1511 1696 1538 sa-

316 1576 445 1610 netur
470 1565 515 1609 in
534 1564 689 1609 nobis?
714 1565 827 1623 Ergo
853 1564 898 1608 in
926 1564 1247 1626 nobismetipsis
1269 1563 1358 1607 sola
1380 1573 1440 1607 est
1462 1563 1699 1607 iufirmitas

320 1650 448 1678 causa
472 1633 699 1695 pugnandi
723 1653 733 1684 ;
773 1644 813 1677 et
845 1649 991 1677 rursus
1013 1633 1239 1677 infirmitas
1263 1632 1502 1677 admonitio
1526 1643 1585 1676 cst
1611 1649 1697 1676 non

319 1702 613 1765 superbiendi.
646 1702 833 1747 Proinde
867 1703 1004 1747 virtus
1040 1719 1124 1764 qua
1151 1702 1244 1757 hic,
1273 1702 1349 1746 ubi
1377 1702 1595 1764 superbiri
1618 1719 1695 1764 pc-

319 1783 401 1818 test
415 1789 502 1817 non
521 1772 814 1834 superbiatur,
842 1771 886 1816 in
905 1772 1154 1816 infirmitate
1179 1772 1418 1834 perficitur.

382 1842 484 1887 XII.
524 1842 822 1896 Quamobrem
863 1842 948 1886 hoc
982 1845 1186 1900 conjuges
1226 1842 1336 1886 bene
1373 1851 1575 1896 utuntur,
1605 1857 1696 1903 quo

316 1913 582 1957 continentes
595 1911 745 1956 melius
769 1928 857 1956 non
878 1922 1075 1957 utuntur.
1104 1911 1270 1956 Malum
1285 1911 1416 1970 igitur
1428 1927 1516 1973 quo
1535 1914 1692 1969 conju-

321 1998 390 2040 ges
413 1981 522 2026 bene
546 1991 747 2034 utuntur,
774 1992 816 2026 et
838 1982 945 2026 inest
968 1981 1229 2040 conjugibus
1254 1997 1340 2042 quo
1361 1981 1471 2024 hene
1495 1990 1692 2034 utantur,

322 2051 431 2095 inest
444 2061 484 2094 et
498 2050 820 2095 continentibus
834 2068 921 2113 quo
939 2050 1090 2095 melius
1103 2067 1190 2095 non
1204 2060 1408 2094 utantur:
1426 2048 1523 2094 ideo
1535 2049 1700 2111 quippe

324 2121 460 2176 inest,
502 2131 552 2165 ut
580 2137 669 2165 non
700 2121 969 2168 extollantur.
999 2143 1018 2161 «
1037 2121 1145 2166 Solis
1168 2137 1267 2179 ergo
1293 2118 1489 2164 libidinis
1522 2120 1701 2164 excessi-

321 2190 405 2234 bus
432 2201 675 2244 accusatur,
699 2212 717 2231 »
738 2190 809 2236 sed
827 2190 898 2235 ille
922 2209 943 2235 a
967 2207 1052 2253 quo
1081 2208 1168 2235 non
1193 2190 1458 2234 refrenatur:
1482 2205 1580 2232 nam
1603 2188 1697 2250 ipsa

320 2276 400 2321 per
419 2276 459 2304 se
475 2260 613 2321 ipsam
629 2260 860 2305 rectissime
877 2262 1053 2306 omnino
1077 2260 1162 2305 suis
1186 2259 1288 2322 ipsis
1303 2259 1496 2303 motibus
1517 2274 1697 2302 accusa-

321 2339 409 2383 tur,
437 2329 597 2389 quibus
620 2347 671 2373 ne
694 2329 867 2374 excedat
902 2330 1137 2374 obsistitur.
1180 2329 1279 2372 Non
1304 2328 1449 2389 itaque
1474 2336 1522 2370 ut
1541 2326 1649 2370 dicis
1683 2343 1694 2370 ι

328 2419 346 2437 α
374 2397 485 2442 nihil
509 2398 562 2442 ad
580 2399 869 2443 innocentiam
894 2409 1121 2461 promovet
1139 2397 1348 2442 modestia
1372 2396 1432 2441 rei
1452 2413 1530 2458 per
1549 2396 1695 2458 ipsum

325 2483 454 2527 genus
475 2468 679 2513 nocentis.
713 2490 731 2508 „
757 2469 989 2513 Promovet
1020 2468 1183 2531 qnippe
1213 2466 1266 2515 ad
1287 2466 1579 2512 innocentiam
1607 2481 1695 2511 non

379 2547 707 2584 ι1“1ο111.111,92.-
726 2547 740 2569 ²
762 2560 777 2578 a
798 2550 870 2580 Cor.
891 2559 948 2579 xit.
966 2561 996 2590 ς).
