1843 3190
358 256 488 289 mimz
522 256 578 288 DE
613 256 774 288 GRArtA
808 258 860 289 ET
896 258 1058 289 uerno
1093 258 1318 293 Anssrrmo.
1437 249 1530 312 479

166 333 267 369 sunt
287 323 415 369 nobis
437 341 569 387 opera
586 324 788 384 justitiae,
828 342 851 369 a
885 341 974 388 quo
999 334 1061 370 est
1084 324 1177 389 ipsa
1210 327 1340 385 fides,
1368 328 1422 374 de
1446 346 1533 393 qua

165 394 333 441 dictum
356 405 417 440 est
438 412 449 439 ι
473 416 492 436 «
512 396 538 439 J
543 405 663 440 ustus
687 412 734 440 ex
753 394 838 440 fide
854 394 1003 442 vivit1.
1029 417 1050 437 ³)

230 465 394 512 XVIII.
438 465 643 510 Homines
678 475 820 510 autem
852 482 937 510 non
972 466 1256 527 intelligentes
1277 504 1287 523 ‚
1324 467 1441 530 quod
1476 468 1535 514 ait

164 535 255 597 ipse
285 535 518 597 Apostolus
545 552 557 580 ε
585 555 603 575 α
640 535 917 580 Arbitramur
938 537 1168 594 justificari
1201 538 1422 585 hominem
1458 555 1534 601 per

166 625 187 645 ›>
213 603 343 649 fidem
373 604 462 649 sine
493 605 699 666 operibus
730 604 864 664 legis2
890 622 901 648 ε
926 626 945 645 ›>
975 608 1240 667 putaverunt
1272 624 1370 652 eum
1393 606 1534 653 dicere

166 674 357 719 sufficere
380 674 551 719 homiui
571 673 700 719 fidem
717 711 727 730 ,
748 675 913 719 etiamsi
931 674 1043 719 male
1069 675 1185 720 vivat
1208 687 1249 721 et
1269 677 1385 721 bona
1405 694 1536 740 opera

164 761 254 789 non
277 743 452 789 habeat.
489 743 622 799 Quod
662 743 775 788 absit
800 754 850 788 ut
885 744 1060 789 sentiret
1086 761 1158 790 vas
1181 745 1398 792 electionis
1423 764 1434 790 t
1459 746 1537 809 qui

167 830 267 858 cum
286 812 462 858 dixisset
481 812 671 876 quodam
688 812 785 858 loco
811 830 821 858 :
846 834 865 854 c<
889 815 936 858 ln
955 814 1130 859 Christo
1153 816 1265 860 enim
1283 816 1384 861 Jesu
1399 832 1537 879 neque

167 904 188 925 2>
212 883 486 931 circumcisio
522 883 687 946 aliquid
722 883 861 939 valet,
901 901 1040 947 neque
1064 886 1358 948 praeputium3
1386 907 1407 928 »
1442 903 1538 934 mox

168 953 361 999 addidit:
375 976 394 996 c<
418 953 502 999 Sed
522 954 628 999 fides
647 971 745 1017 quae
760 971 837 1016 per
855 954 1127 1000 dilectionem
1147 955 1383 1019 operaturss.
1402 957 1538 1018 »Ipsa

167 1033 230 1068 est
257 1023 363 1069 fides
386 1040 484 1086 quae
507 1023 653 1069 fideles
679 1025 755 1069 Dei
780 1035 950 1087 separat
978 1025 1033 1070 ab
1056 1025 1291 1073 immundis
1321 1025 1538 1071 daemoni-

167 1094 251 1139 bus
274 1112 285 1139 ε
313 1112 413 1139 nam
438 1104 477 1140 et
507 1094 613 1157 ipsi,
643 1094 754 1139 sicut
772 1094 880 1140 dicit
897 1095 1116 1157 apostolus
1141 1096 1332 1141 Jacobus
1350 1133 1361 1151 ,
1386 1117 1406 1137 «
1429 1096 1538 1144 Cre-

170 1185 192 1208 »
215 1164 328 1209 dunt
343 1175 385 1210 et
401 1165 769 1211 contremiscunt‘·
788 1184 799 1218 ;
822 1186 841 1206 ›>
861 1165 933 1210 sed
951 1183 1037 1210 non
1050 1166 1158 1211 bene
1176 1177 1423 1229 operantur.
1442 1167 1542 1211 Non

169 1251 269 1295 ergo
287 1235 456 1281 habent
474 1235 595 1280 istam
614 1235 746 1279 fidem
766 1252 813 1279 ex
827 1252 914 1297 qua
934 1239 1075 1294 justus
1099 1236 1231 1291 vivit,
1259 1236 1305 1281 id
1329 1246 1414 1291 est,
1440 1252 1541 1300 quae

169 1322 248 1369 per
271 1304 547 1351 dilectionem
570 1315 792 1368 operatur,
817 1315 864 1349 ut
885 1304 1038 1350 reddat
1062 1305 1099 1350 ei
1127 1306 1241 1350 Deus
1263 1306 1395 1351 vitam
1422 1316 1544 1350 aeter-

170 1392 271 1420 nam
291 1374 530 1420 secundum
555 1391 684 1437 opera
703 1378 736 1433 ej
747 1391 805 1420 us.
845 1374 927 1419 Sed
948 1375 1051 1438 quia
1078 1385 1119 1419 et
1142 1376 1234 1439 ipsa
1268 1375 1384 1420 bona
1413 1392 1544 1438 opera

171 1445 297 1490 nobis
319 1462 367 1490 ex
394 1446 484 1489 Deo
519 1454 640 1500 sunt,
666 1462 689 1489 a
709 1461 797 1507 quo
821 1444 947 1490 nobis
970 1456 1011 1489 et
1034 1445 1138 1490 fides
1158 1457 1238 1502 est,
1267 1456 1308 1490 et
1340 1445 1539 1503 dilectio,

172 1525 401 1578 propterea
420 1515 534 1560 idem
559 1515 650 1578 ipse
667 1514 822 1559 doctor
840 1515 1030 1574 gentium
1043 1514 1079 1571 5,
1108 1515 1234 1560 etiam
1251 1516 1391 1579 ipsam
1410 1515 1544 1562 vitam

175 1596 379 1631 aeternam
399 1585 576 1645 gratiam
595 1584 882 1647 nuncupavit.

242 1655 363 1703 XIX.
408 1657 461 1701 Et
484 1655 675 1700 nascitur
699 1654 800 1699 inde
819 1671 907 1699 non
930 1672 1065 1717 parva
1093 1654 1275 1720 quaestio
1295 1692 1305 1710 ,
1327 1671 1426 1718 quae
1447 1656 1544 1699 Do-

176 1725 295 1771 mino
323 1725 512 1771 donante
538 1724 742 1770 solvenda
775 1734 850 1770 est.
895 1725 939 1769 Si
970 1724 1084 1770 enim
1114 1725 1201 1770 vita
1229 1735 1388 1770 aeterna
1422 1724 1547 1773 bonis

176 1796 381 1859 operibus
415 1794 630 1846 redditur,
672 1794 784 1839 sicut
827 1794 1091 1857 apertissime
1134 1793 1242 1839 dicit
1283 1794 1509 1860 Scriptura
1531 1811 1543 1838 t

179 1888 198 1908 «
226 1866 446 1922 Quoniam
497 1867 610 1911 Deus
658 1864 811 1910 reddet
856 1865 1090 1929 unicuique
1133 1864 1368 1910 secundum
1418 1881 1551 1928 opera

181 1958 202 1979 ))
225 1937 341 1997 ejus⁶
365 1954 375 1980 ε
402 1958 421 1978 »
446 1936 650 1999 quoniam
687 1935 821 1994 gratia
853 1945 914 1979 est
942 1934 1031 1980 vita
1065 1945 1222 1979 aeterna
1238 1971 1249 1990 ,
1282 1951 1382 1979 cum
1415 1934 1550 1993 gratia

180 2025 266 2053 non
296 2008 501 2070 operibus
524 2006 749 2060 reddatur,
783 2004 856 2050 sed
894 2005 1022 2064 gratis
1053 2005 1197 2060 detur,
1221 2005 1315 2067 ipso
1340 2003 1549 2069 Apostolo

182 2078 350 2124 dicente
378 2096 388 2122 z
417 2099 437 2120 «
462 2079 514 2123 Ei
539 2077 614 2139 qui
651 2087 874 2138 operatur,
903 2092 1063 2121 merces
1090 2092 1177 2119 non
1212 2075 1451 2137 imputatur
1484 2091 1553 2119 se·-

184 2170 204 2192 ›>
228 2148 421 2194 cundum
445 2149 626 2207 gratiam
642 2184 653 2202 ,
673 2146 743 2191 sed
758 2145 994 2191 secundum
1018 2145 1230 2190 debitum.
1255 2165 1274 2185 ›)
1292 2145 1347 2189 Et
1366 2144 1548 2189 iterum:

184 2241 203 2262 «
229 2218 467 2282 Reliquiae,
496 2217 667 2280 inquit,
703 2233 780 2278 per
814 2214 1245 2274 electionem·gratiae
1275 2213 1402 2259 salvae
1424 2213 1552 2260 factae

185 2310 205 2331 2>
231 2300 344 2335 sunt.
370 2310 390 2330 ›>
416 2292 471 2333 Et
491 2304 587 2332 mox
607 2285 775 2331 addidit
796 2303 807 2330 ι
831 2307 850 2326 «
876 2286 921 2330 Si
942 2296 1081 2330 autem
1102 2285 1261 2344 gratia,
1286 2287 1376 2343 jam
1401 2300 1487 2328 non
1506 2300 1554 2328 ex

185 2381 207 2403 ))
230 2360 456 2424 operibus3
480 2357 668 2420 alioquin
695 2357 829 2417 gratia
852 2359 942 2415 jam
970 2373 1056 2401 non
1082 2366 1144 2400 est
1170 2355 1305 2415 gratia
1318 2354 1351 2400 7.
1376 2376 1395 2395 »
1430 2354 1556 2410 Quo-

185 2431 318 2477 modo
339 2441 401 2476 est
423 2446 524 2489 ergo
552 2428 686 2489 gratia
707 2427 796 2474 vita
827 2437 986 2473 aeterna
1003 2464 1014 2483 ‚
1041 2442 1141 2489 quae
1168 2442 1216 2470 ex
1247 2424 1450 2488 operibus
1481 2440 1556 2471 su-

236 2530 246 2552 ¹
265 2531 385 2563 Habac.
399 2545 432 2566 u,
449 2538 480 2568 4.
497 2548 540 2554 -
553 2527 568 2550 ²
585 2532 682 2562 Rom.
705 2539 754 2567 ιιι,
775 2528 829 2560 28.
847 2546 891 2551 -—-
908 2524 922 2548 3
938 2527 1041 2558 Galat.
1058 2537 1090 2566 v,
1111 2527 1143 2558 6.
1158 2544 1201 2550 --
1220 2522 1361 2557 4Jacob.
1379 2533 1418 2566 1¹,
1443 2535 1494 2566 19.
1510 2542 1554 2548 —

191 2585 204 2610 ⁵
217 2590 309 2619 Rom.
327 2597 370 2625 u,
396 2586 450 2618 23.
464 2602 509 2608 ——
526 2581 541 2606 ⁶
559 2585 661 2617 Marc.
683 2594 749 2622 xvi,
767 2595 822 2623 ²7·
837 2600 881 2606 --
895 2581 910 2605 ⁷
928 2585 1023 2615 Rom.
1041 2592 1084 2620 lv,
1099 2587 1131 2620 4,
1148 2586 1180 2612 et
1193 2592 1239 2620 xx,
1257 2582 1287 2611 5.
