1843 3190
141 284 316 320 CONTRA
350 286 465 321 DUAS
499 287 734 322 EPISTOLAS
768 287 1135 330 PELAGIANORUM,
1172 286 1261 321 1⁴13.
1303 288 1373 321 111.
1482 286 1509 335 7

139 354 252 401 riore
268 355 461 412 homine,
488 373 565 402 cur
582 356 639 401 eis
651 355 900 402 dimittatur
924 353 1144 418 quidquid
1160 354 1349 399 hominis
1361 353 1427 399 vel
1442 352 1510 398 in-

140 425 359 482 firmitate,
387 426 728 487 velignorantia,
756 426 825 472 vel
849 426 1025 472 omnino
1051 425 1195 489 aliqua
1212 424 1324 470 mala
1348 423 1511 469 volun-

140 504 226 540 tate
241 497 540 544 committitur.
562 496 629 543 llli
643 507 785 543 autem
797 496 875 542 filii
890 496 986 552 Dei,
1005 495 1080 559 qui
1106 495 1256 558 utique
1272 495 1306 540 si
1319 494 1504 540 dixerint

140 581 282 611 senon
300 566 461 614 habere
480 578 730 632 peccatum,
762 585 803 613 se
824 568 941 631 ipsos
981 565 1207 629 decipiunt
1224 575 1267 610 et
1287 565 1441 611 veritas
1465 564 1512 611 in

138 636 196 682 eis
238 654 324 683 non
345 649 428 695 est,
472 639 688 703 profecto,
719 639 837 702 quod
859 638 1073 702 sequitur,
1117 652 1220 682 cum
1245 636 1511 681 confitentur

136 718 316 769 peccata
335 726 410 755 sua
432 709 577 773 (quod
597 709 673 755 filii
700 709 864 754 diaboli
898 726 986 754 non
1024 707 1209 762 faciunt,
1236 706 1304 751 vel
1327 723 1414 751 non
1439 722 1511 751 se-

137 777 330 824 cundum
368 779 498 826 fidem
520 797 619 843 quae
642 779 831 825 filiorum
857 779 936 825 Dei
962 779 1141 842 propria
1160 787 1222 824 est
1247 775 1414 824 faciunt
1430 774 1448 804 ¹
1467 776 1513 838 ,)

139 848 275 895 fidelis
296 860 358 895 est
382 862 421 896 et
440 855 580 910 justus
606 851 679 914 qui
703 850 895 896 dimittat
926 849 983 895 eis
1014 851 1211 915 Peccata,
1239 860 1281 894 et
1320 845 1505 894 mundet

136 935 205 964 eos
225 921 280 965 ab
295 922 410 967 omni
428 922 665 986 iniquitate.
690 922 748 966 Ut
766 931 906 967 autem
921 921 1092 984 plenius
1106 919 1373 979 intelligatur
1388 917 1512 984 quod

135 987 337 1047 dicimus,
365 992 566 1038 audiatur
584 992 675 1055 ipse
700 996 837 1046 Jesus,
864 992 939 1054 qui
960 990 1056 1036 filiis
1080 990 1160 1035 Dei
1188 990 1339 1052 utique
1356 989 1509 1054 loque-

133 1058 282 1117 batur,
304 1061 449 1108 dicens
476 1080 487 1108 ε
509 1084 527 1104 «
543 1063 587 1108 Si
611 1073 751 1108 autem
773 1078 848 1108 vos
875 1078 975 1107 cum
993 1060 1081 1106 sitis
1100 1059 1220 1116 mali,
1240 1060 1372 1105 nostis
1390 1060 1510 1106 bona

136 1153 156 1173 »
179 1131 280 1177 data
303 1132 404 1178 dare
426 1133 524 1179 filiis
543 1135 708 1187 vestris,
728 1142 893 1196 quanto
912 1131 1044 1191 magis
1067 1133 1197 1176 Pater
1215 1141 1352 1177 vester
1368 1130 1445 1194 qui
1462 1130 1509 1176 in

135 1222 154 1243 n
174 1202 294 1248 ,coelis
315 1212 393 1259 est,
414 1203 538 1249 dabit
556 1204 672 1249 bona
693 1202 941 1266 petentibus
965 1219 1006 1247 se
1020 1202 1067 1247 2?
1084 1222 1103 1244 >³
1129 1202 1174 1247 Si
1194 1201 1308 1247 enim
1326 1201 1406 1247 filii
1427 1200 1512 1246 Dei

134 1289 220 1319 non
249 1285 401 1331 essent,
431 1293 516 1321 non
544 1276 601 1320 eis
625 1274 785 1319 (liceret
811 1291 821 1318 ε
846 1294 866 1314 «
888 1277 1014 1318 Pater
1038 1283 1176 1319 vester
1196 1271 1273 1336 qui
1295 1271 1341 1317 in
1384 1271 1509 1317 coelis

135 1365 153 1385 >2
174 1355 248 1392 est.
277 1366 297 1386 ›>
325 1346 376 1392 Et.
392 1355 535 1391 tamen
560 1362 629 1391 eos
650 1340 784 1389 malos
802 1360 887 1389 esse
904 1343 1028 1398 dicit,
1054 1353 1095 1388 et
1116 1359 1236 1388 nosse
1261 1342 1378 1388 bona
1403 1342 1508 1388 dare

132 1414 231 1460 filiis
260 1416 359 1463 suis.
399 1415 628 1481 Numquid
654 1415 753 1462 inde
788 1415 906 1470 mali,
948 1413 1063 1460 unde
1097 1413 1176 1459 filii
1198 1413 1315 1459 Dei?
1340 1412 1466 1459 Absit
1490 1429 1502 1457 ε

128 1485 199 1530 sed
221 1486 322 1532 inde
344 1488 445 1533 mali
460 1525 470 1544 ,
507 1488 620 1533 unde
644 1487 792 1533 adhuc
828 1485 905 1533 filii
939 1484 1088 1531 saeculi
1104 1520 1116 1542 ,
1138 1487 1232 1546 jam
1253 1494 1400 1530 tamen
1420 1482 1503 1529 filii

128 1557 206 1602 Dei
228 1556 331 1603 facti
351 1558 532 1621 pignore
557 1559 744 1621 Spiritus
757 1559 907 1606 sancti.

193 1628 241 1674 V.
283 1630 531 1692 Baptismus
563 1630 695 1690 igitur
730 1630 872 1676 abluit
901 1630 1079 1694 quidem
1114 1639 1296 1692 peccata
1321 1628 1493 1685 onmia,

125 1715 300 1761 prorsus
320 1701 467 1745 onmia
482 1738 492 1754 ,
516 1700 729 1746 factorum
745 1738 755 1756 ,
785 1701 1001 1747 (lictorum
1017 1738 1028 1756 ‚
1064 1699 1352 1759 cogitatorum
1372 1735 1383 1755 ,
1411 1698 1502 1745 sive

126 1769 370 1829 originalia,
408 1771 494 1816 sive
523 1770 672 1816 addita
691 1808 701 1827 ,
741 1772 828 1817 sive
863 1788 962 1835 quae
985 1772 1249 1831 ignoranter,
1278 1768 1366 1815 sive
1397 1784 1498 1833 quae

125 1840 306 1885 scienter
329 1840 513 1887 admissa
538 1853 637 1887 sunt
663 1859 673 1887 :
698 1842 771 1888 sed
794 1860 880 1888 non
905 1842 1044 1888 aufert
1075 1840 1395 1896 infirmitatem,
1425 1837 1504 1884 cui

124 1922 398 1971 regeneratus
428 1912 610 1969 resistit,
643 1914 822 1977 quando
846 1914 1013 1960 bonum
1041 1930 1219 1974 agonem
1238 1909 1462 1959 luctatur³
1485 1928 1498 1964 ;

125 1981 337 2026 consentit
373 1992 542 2038 autem,
573 1983 748 2046 quando
783 1985 895 2030 sicut
919 1984 1054 2030 homo
1081 1985 1126 2030 in
1154 1983 1302 2048 aliquo
1337 1982 1498 2029 delicto

123 2063 488 2114 praeoccupaturg
513 2064 695 2117 propter
725 2054 837 2100 illud
856 2055 1046 2115 gaudens
1067 2054 1113 2100 in
1134 2054 1303 2101 actione
1330 2053 1497 2115 gratia-

123 2139 220 2166 rum
236 2158 247 2175 ,
271 2134 454 2185 propter
476 2123 563 2171 hoc
597 2136 740 2174 autem
766 2143 936 2185 gemens
961 2127 1006 2172 in
1041 2125 1294 2186 allegatione
1330 2124 1496 2172 oratio-u

123 2208 242 2238 num.
272 2192 341 2237 lbi
354 2192 501 2238 dicens
523 2211 533 2238 ε
557 2216 578 2236 ι(
595 2195 714 2250 Quid
731 2197 969 2245 retribuam
991 2197 1179 2244 Domino
1196 2213 1277 2261 pro
1291 2195 1503 2249 omnibus

127 2281 147 2302 ›>
171 2278 272 2324 quae
310 2262 516 2308 retribuit
549 2264 658 2311 mihi
683 2263 724 2311 4?
747 2287 766 2307 »
791 2266 868 2313 hic
899 2266 1045 2312 dicens
1073 2284 1084 2316 ς
1111 2267 1336 2320 «Dimitte
1368 2264 1496 2324 nobis

123 2351 143 2374 >2
168 2331 315 2378 debita
346 2343 492 2381 nostra
504 2333 536 2383 5.
561 2335 788 2401 »Propter
811 2336 922 2386 illud
950 2337 1129 2393 dicensz
1159 2359 1180 2383 α
1200 2337 1390 2406 Diligam
1419 2347 1489 2400 te„

122 2428 142 2453 n
168 2408 379 2468 Domine,
406 2410 542 2461 virtus
565 2417 689 2463 mea⁶
715 2434 725 2465 z
750 2439 770 2460 ›>
795 2430 974 2486 propter
996 2421 1082 2473 hoc
1105 2421 1251 2470 dicens
1272 2441 1283 2473 z
1309 2444 1330 2466 «
1350 2422 1486 2473 Mise-

123 2502 148 2558 11
170 2498 261 2531 rere
278 2486 359 2533 mei
374 2519 385 2541 ,
405 2485 592 2535 Domine
607 2524 617 2543 ,
639 2489 847 2555 quoniam
867 2490 1065 2544 infirmus
1088 2512 1198 2556 sum,
1218 2494 1237 2531 ⁷
1258 2518 1279 2544 1)
1303 2498 1497 2567 Propter

123 2553 231 2609 iilud
257 2556 402 2611 dicens
419 2575 431 2610 1
454 2579 474 2606 ει
496 2559 626 2614 Oculi
643 2563 727 2615 mei
750 2581 918 2637 semper
931 2567 985 2620 ad
1002 2568 1267 2634 Dominum,
1287 2571 1500 2642 quoniam

124 2691 131 2698 ‚
172 2638 180 2666 1
207 2641 330 2682 13¹an
353 2651 384 2687 ⁸2
402 2642 432 2688 8,.
447 2660 494 2677 επ.»
511 2640 654 2706 &Mutila
680 2656 738 2693 vu,
762 2658 813 2687 ξε.
828 2645 1018 2691 -ῳὲῡεῑηι,
1048 2663 1094 2699 vg,
1116 2664 1147 2705 g,
1166 2671 1211 2695 ,3
1227 2649 1243 2692 4
1261 2644 1340 2703 2351,
1360 2665 1436 2710 5³3&
1454 2657 1493 2706 ᾗ

123 2699 136 2737 *-
157 2697 275 2752 Μ’-ἱὲέᾓι
296 2706 411 2754 'vista‘
431 2697 600 2756 πήξει-11.
621 2713 755 2760 {3'31382
778 2704 976 2763 1-ῃῖξρςῇ
996 2710 1025 2743 ,³3
1075 2709 1078 2712 ·
1365 2705 1397 2711 ··
1429 2711 1436 2728 τ
1466 2707 1487 2722 ·³
