1843 3190
233 302 405 334 CONTRA
439 301 665 334 JULIANUM
701 301 1008 342 PELAGIANUM,
1048 302 1133 332 ma.
1178 303 1235 332 1v.
1312 285 1403 349 249

40 370 277 416 consentire
299 368 435 414 malo:
466 385 544 413 nec
561 367 658 413 ideo
677 367 787 414 illud
815 369 886 414 cui
909 386 996 413 non
1017 368 1300 421 consentitur,
1317 384 1404 412 non

40 452 101 486 est
122 441 316 492 malum;
356 440 443 484 imo
465 449 695 502 propterea
728 440 816 483 sine
841 439 1114 484 dubitatione
1142 438 1305 483 malum
1324 447 1400 491 est,

41 511 142 574 quia
162 528 249 555 non
269 510 306 555 ei
323 508 562 556 consentire
576 509 740 553 bonum
763 519 837 554 est.
879 509 997 564 Quid
1022 508 1135 553 enim
1159 507 1261 552 mali
1285 506 1405 552 face-

39 591 119 634 ret,
136 580 211 642 qui
229 580 358 624 bonae
384 578 750 640 concupiscentiae
781 579 1064 628 consentiret3
1095 594 1196 622 curn
1219 576 1320 621 mali
1340 579 1405 621 ni-

38 650 103 696 hil
121 650 267 704 faciat,
288 649 415 693 etiam
433 649 509 711 qui
528 665 656 710 opere
673 647 894 707 conjugali
918 665 1005 692 non
1030 647 1118 692 sine
1140 647 1274 709 ipsius
1292 646 1404 690 malo

36 721 216 765 seminat
230 718 468 774 hominem,
488 718 564 779 qui
593 728 655 762 est
679 717 756 762 Dei
779 734 888 780 opus
912 718 1112 763 bonum?
1135 739 1154 758 «
1183 718 1270 762 Nec
1298 732 1408 761 con«

32 787 254 834 sectricem
280 788 490 833 seminum
519 787 747 832 libidinem
769 807 789 828 n
825 787 979 833 dixeris
1002 786 1073 832 ille
1100 788 1266 850 quippe
1290 795 1409 831 creat

34 858 226 903 hominis
253 875 396 903 semen
413 894 423 913 ,
445 858 520 920 qui
540 857 763 902 hominem
796 874 842 902 ex
866 858 1023 903 semine
1044 875 1054 902 :
1083 857 1155 903 sed
1176 857 1290 902 unde
1305 892 1315 912 ,
1336 856 1410 901 in—

35 938 175 975 terest.
208 928 322 983 Quia
357 928 460 973 mali
493 928 627 986 hujus
652 927 825 973 occulta
868 939 968 973 sunt
992 939 1032 973 et
1062 927 1157 972 dira
1177 926 1404 986 contagia:

35 1015 115 1044 nec
138 1016 185 1043 ex
197 999 266 1044 his
288 999 542 1043 hominibus
565 998 641 1060 qui
671 998 784 1043 malo
808 1009 981 1054 carent,
1024 1000 1137 1043 Deus
1166 998 1234 1043 vel
1267 1014 1410 1042 semen

35 1068 104 1113 vel
129 1068 325 1113 homines
342 1079 478 1123 creat3
513 1068 678 1112 etiamsi
694 1067 874 1131 quidam
895 1069 950 1113 ab
973 1068 1163 1127 ejusdem
1182 1067 1285 1113 mali
1303 1084 1411 1113 noxa

35 1139 354 1197 regeneratione
380 1138 509 1183 soluti
531 1148 648 1193 sunt,
689 1139 800 1183 sicut
835 1138 1028 1183 solvendi
1064 1148 1161 1182 sunt
1198 1138 1273 1200 qui
1311 1136 1412 1182 inde

36 1219 288 1255 nascuntur.

101 1279 227 1325 XIII.
248 1279 348 1324 Dixi
368 1296 482 1333 sane,
509 1295 588 1323 nec
604 1279 806 1340 poenitet,
831 1278 885 1323 de
910 1277 1123 1340 pudicitia
1143 1275 1408 1335 conjugalffl,

36 1363 136 1412 quae
155 1365 248 1393 mea
263 1349 396 1394 verba
417 1349 595 1412 posuisti
626 1366 636 1393 z
667 1369 686 1388 «
713 1349 829 1405 Quia
855 1366 956 1394 cum
992 1348 1106 1393 dona
1126 1347 1204 1392 Dei
1229 1363 1313 1391 esse
1333 1346 1413 1391 ista

37 1428 348 1474 monstrantur,
380 1437 403 1464 a
417 1436 505 1482 quo
526 1418 716 1482 petenda
735 1429 834 1464 sunt
859 1418 1057 1473 discitur,
1085 1418 1118 1463 si
1139 1434 1223 1462 non
1241 1416 1415 1461 haben-

37 1499 137 1542 tur;
163 1500 204 1534 et
229 1490 301 1535 cui
324 1490 501 1549 agendae
528 1490 675 1549 gratiae
693 1526 703 1542 ,
733 1490 767 1534 si
788 1490 1021 1535 habentur.
1042 1510 1062 1529 (ι
1090 1490 1289 1547 Aguntur
1302 1487 1416 1531 enim

37 1561 201 1620 gratiae,
232 1577 319 1606 non
343 1560 396 1606 de
421 1561 584 1620 origine
601 1597 611 1615 ‚
635 1571 682 1605 ut
698 1560 820 1613 dicis,
839 1559 1222 1622 concupiscentiae,
1248 1579 1266 1599 n
1289 1561 1413 1616 cujus

38 1631 158 1689 origo
190 1641 252 1676 est
273 1632 464 1693 primum
489 1631 652 1676 malurn
683 1631 895 1684 hominis;
923 1652 943 1671 «
963 1630 1035 1676 sed
1065 1629 1118 1674 de
1142 1628 1369 1687 regimine,
1394 1649 1414 1668 n

1 1738 3 1762 a
37 1700 158 1764 quod
175 1717 325 1746 verum
348 1700 469 1747 dicis.
501 1702 746 1763 Utrumque
783 1701 897 1745 enim
934 1699 1044 1744 dicis
1084 1699 1189 1744 «vel
1210 1697 1415 1756 regimine

2 1796 5 1827 L
37 1770 107 1816 vel
137 1771 314 1831 origine.
345 1793 366 1813 »
406 1771 510 1817 Ideo
541 1782 684 1817 autem
722 1781 909 1830 aguntur
939 1769 1088 1829 gratiae
1121 1769 1174 1813 de
1212 1768 1417 1827 regimine

39 1841 436 1903 concupiscentiae,
464 1842 565 1904 quia
597 1858 841 1904 repugnans
873 1840 1077 1886 vincitur.
1118 1837 1249 1895 Quod
1276 1848 1418 1882 autem

36 1920 252 1972 repugnat
271 1910 486 1957 voluntati
508 1912 656 1965 bonae,
690 1928 777 1956 non
810 1920 871 1955 est
911 1910 1097 1963 bonum,
1131 1909 1219 1953 imo
1248 1907 1412 1952 malum

4 1976 8 2029 ῗ
38 1995 124 2024 esse
142 1980 239 2042 quis
255 1992 404 2040 neget3
427 1981 508 2026 nisi
525 1981 600 2043 qui
622 1998 708 2026 non
726 1981 863 2025 habet
881 1978 1116 2026 voluntatis
1137 1977 1330 2033 bonum,
1347 1976 1419 2021 cui

39 2048 158 2112 quod
181 2061 411 2112 repugnat,
436 2050 627 2095 fateatur
653 2050 848 2095 malum?

8 2119 9 2131 ³
105 2119 222 2165 XIV.
255 2120 501 2182 Interponis
537 2119 619 2164 alia
650 2119 703 2165 de
726 2120 840 2165 libro
860 2137 972 2174 meo,
994 2118 1073 2163 ubi
1098 2134 1197 2163 cum
1224 2115 1420 2161 dixissem

10 2213 11 2244 1
41 2186 208 2233 donum
230 2189 308 2234 Dei
331 2189 593 2251 pudicitiam
617 2206 702 2234 esse
721 2189 1015 2248 conjugalem,
1044 2198 1085 2232 et
1102 2187 1189 2231 hoc
1214 2184 1420 2247 Apostolo

10 2256 12 2278 ³
41 2267 146 2302 teste
170 2257 410 2303 docuissem
430 2278 440 2311 ;
463 2269 764 2304 occurrentem
784 2258 940 2303 deinde
961 2257 1247 2320 quaestionem
1267 2254 1422 2298 tacitus

12 2352 13 2357 =
42 2327 164 2372 nolui
188 2330 426 2390 praeterire,
445 2328 552 2391 quid
573 2328 809 2373 dicendum
838 2329 907 2381 sit,
929 2344 1030 2372 cum
1055 2325 1258 2371 videntur
1290 2325 1419 2368 etiam

14 2418 15 2459 3
44 2397 244 2442 nonnulli
285 2398 410 2460 impii
441 2398 602 2460 pudice
635 2414 734 2442 cum
756 2397 1017 2456 conjugibus
1041 2396 1198 2440 vivere.
1232 2414 1252 2433 «
1272 2392 1423 2437 Soletis

44 2466 178 2521 enim,
209 2478 409 2527 negantes
441 2468 520 2512 Dei
553 2467 668 2512 dona
692 2484 776 2512 esse
796 2467 975 2512 virtutes
999 2465 1159 2528 quibus
1174 2472 1289 2507 recte
1313 2461 1425 2505 vivi-

15 2549 18 2601 ]
49 2544 137 2589 tur,
158 2547 200 2581 et
216 2554 283 2582 eas
302 2548 471 2582 naturae
490 2536 791 2599 voluntatique
817 2536 1044 2591 humanae,
1071 2551 1156 2579 non
1176 2532 1323 2591 gratia]
1349 2530 1422 2574 Dei

17 2613 19 2625 ¹
97 2616 106 2638 ¹
127 2615 198 2648 Lib.
220 2629 245 2649 1.
260 2617 299 2648 de
314 2614 444 2661 Nuptiis
462 2624 492 2650 et
509 2618 697 2661 Concupisc.
720 2629 788 2661 cap.
809 2620 838 2650 3.
