1843 3190
305 251 395 307 342
713 266 747 295 s.
792 261 1034 293 Aucusrim
1068 259 1272 292 EPISCOPI

304 331 417 378 dinis
431 330 614 385 malum,
628 329 868 393 profitebor
888 343 955 372 me
970 343 1056 373 esse
1074 325 1364 390 turpitudinis
1382 325 1647 373 advocatum
1667 345 1679 373 ε

305 403 338 448 si
366 411 507 447 autem
527 399 690 456 dixero,
714 398 877 444 malum
898 414 965 442 me
983 397 1160 461 quidem
1178 397 1264 442 hoc
1292 397 1489 442 naturale
1512 397 1681 453 dixisse,

308 472 381 518 sed
395 470 514 534 quod
536 471 654 516 vinci
676 469 830 533 possit,
845 468 890 514 id
908 479 986 523 est,
1010 467 1146 531 possit
1167 467 1548 530 caveri3protinus
1573 478 1621 513 tu
1638 485 1688 513 ex

311 543 392 588 alia
403 551 523 605 parte
535 539 758 585 sententiae
777 550 862 585 tuae
880 538 1108 602 tripudias.
1133 539 1322 583 Possunt
1336 538 1451 583 enim
1469 538 1684 593 homines,

309 611 472 675 inquiS,
497 625 623 655 omne
649 609 785 655 vitare
800 619 1049 673 peccatum,
1071 624 1173 654 cum
1190 619 1374 671 possunt
1398 608 1569 653 vincere
1587 624 1690 653 con·

311 680 593 745 cupiscentiae
607 679 784 726 malum.
807 679 852 725 Si
872 679 986 724 enim
998 677 1138 726 libido
1156 677 1353 724 naturale
1371 678 1535 723 malum
1548 688 1627 732 est,
1650 687 1692 722 et

312 751 503 797 vincitur
527 765 672 795 amore
695 748 887 805 virtuti53
914 748 1053 793 multo
1068 748 1203 807 magis
1221 748 1330 793 dicis
1343 749 1417 793 illa
1429 749 1573 793 onmia
1589 747 1694 793 vitia

310 820 525 884 superari,
548 835 648 882 quae
667 819 720 864 de
738 819 828 864 sola
846 819 1069 864 voluntate
1095 818 1373 878 contingunt.
1412 822 1509 863 Jam
1546 817 1695 863 multis

312 889 454 936 modis
484 888 538 934 ad
555 889 635 934 ista
660 899 817 945 vestra,
845 898 890 934 et
920 904 1036 952 saepe
1058 904 1310 950 responsum
1340 898 1414 934 est.
1443 887 1558 944 Quia
1587 888 1696 933 dum

316 960 392 1006 hic
410 959 597 1006 vivimus
614 995 625 1015 ,
648 959 726 1004 ubi
749 975 851 1004 caro
881 956 1157 1021 concupiscit
1182 957 1384 1003 adversus
1408 959 1630 1021 spiritum,
1655 967 1697 1002 et

315 1031 492 1094 spiritus
514 1029 717 1077 adversus
734 1045 911 1075 carnem
925 1028 942 1058 1
953 1065 964 1085 ,
990 1028 1314 1092 quantumlibet
1329 1029 1373 1074 in
1393 1029 1473 1074 isto
1488 1029 1702 1093 conflictu

315 1101 556 1165 superiores
585 1101 732 1156 simus,
769 1117 850 1146 nec
874 1101 1072 1145 membra
1095 1110 1241 1145 nostra
1276 1099 1556 1145 exhibeamus
1580 1115 1700 1144 arma

316 1171 558 1234 iniquitatis
580 1182 780 1235 peccato,
810 1170 1058 1216 obedientes
1081 1169 1303 1216 desideriis
1318 1173 1409 1229 ejus
1423 1171 1466 1223 2;
1490 1181 1634 1215 tamen
1652 1179 1703 1214 ut

319 1251 487 1286 taceam
521 1241 575 1286 de
609 1241 805 1304 corporis
823 1241 1036 1296 sensibus,
1059 1251 1102 1286 et
1117 1240 1163 1285 in
1198 1240 1346 1295 rebus,
1383 1240 1546 1303 quibus
1583 1239 1703 1285 licite

323 1311 506 1367 utimur,
549 1311 823 1374 subrepentis
851 1311 1089 1374 voluptatis
1112 1311 1371 1362 excessibus,
1399 1315 1445 1355 in
1463 1311 1567 1374 ipsis
1588 1321 1703 1356 certe

323 1391 485 1427 nostrae
507 1382 780 1441 cogitationis
795 1382 985 1427 motibus
1003 1392 1047 1426 et
1061 1381 1287 1426 affectibus
1299 1381 1333 1425 si
1352 1380 1585 1426 dixerimus
1601 1380 1704 1444 quia

318 1461 549 1515 peccatum
576 1469 665 1497 non
687 1451 927 1507 habemus,
950 1468 1028 1498 nos
1048 1451 1165 1514 ipsos
1187 1451 1435 1497 seducimus
1451 1488 1462 1508 ,
1488 1462 1528 1497 et
1546 1452 1706 1497 veritas

326 1523 371 1568 in
394 1522 521 1567 nobis
547 1540 635 1567 non
654 1533 717 1568 est
740 1523 772 1569 ὃ.
804 1523 980 1568 Frustra
1022 1523 1153 1582 igitur
1194 1522 1240 1567 in
1261 1521 1341 1567 alia
1365 1532 1454 1567 tuee
1486 1521 1707 1568 sententiae

318 1603 443 1656 parte
461 1592 704 1655 tripudias:
722 1593 804 1638 nisi
824 1593 934 1638 forte
957 1593 1211 1639 sententiam
1234 1592 1411 1638 Joannis
1430 1592 1616 1656 apostoli
1642 1609 1710 1637 sa-

332 1662 490 1722 crilega
508 1664 852 1726 praesumptione
872 1663 1088 1727 repudias.
1111 1663 1242 1720 Quod
1257 1674 1399 1709 autem
1413 1679 1531 1709 nunc
1546 1664 1706 1723 agitur,

330 1733 572 1778 naturalem
591 1750 678 1778 esse
700 1733 927 1779 libidinem
946 1745 991 1779 et
1012 1751 1090 1794 ego
1117 1734 1234 1779 dico.
1259 1733 1360 1797 quia
1387 1750 1488 1779 cum
1511 1733 1584 1779 illa
1606 1751 1710 1779 nas-

334 1804 448 1849 citur
480 1804 619 1849 omnis
643 1805 804 1857 homo3
824 1816 867 1849 et
886 1816 933 1850 tu
956 1805 1096 1850 multo
1129 1805 1333 1868 ampliUS,
1357 1804 1435 1867 qui
1459 1804 1567 1850 dicis
1587 1804 1713 1868 quod

333 1889 433 1918 cum
461 1873 533 1919 illa
556 1873 612 1918 sit
630 1873 834 1919 conditus
852 1875 1022 1938 primus
1042 1875 1191 1922 horim.
1226 1876 1337 1919 Item
1355 1875 1615 1921 vincendam
1627 1891 1714 1920 ffise

331 1942 579 1993 libidinem,
602 1954 733 2007 atque
751 1954 800 1989 ut
820 1946 1022 1990 vincatur
1038 1944 1074 1990 ei
1096 1944 1379 1990 resistendum
1395 1961 1483 1990 esse
1492 1955 1536 1990 et
1557 1960 1714 2008 repug-

333 2012 548 2068 nandum,
567 2023 610 2058 et
623 2030 702 2073 ego
717 2013 836 2068 dico,
854 2025 897 2060 et
916 2025 981 2071 tu,
1006 2032 1059 2060 ne
1074 2033 1097 2060 a
1112 2032 1180 2059 me
1197 2014 1348 2060 audias
1364 2014 1486 2077 quod
1498 2015 1609 2060 mihi
1623 2015 1715 2077 ipse

335 2082 495 2128 dixisiti
523 2100 534 2128 :
562 2104 583 2124 «
607 2084 808 2130 Profiteri
832 2095 873 2130 te
911 2085 1194 2149 turpitudinis
1229 2081 1516 2139 advocatum,
1545 2085 1581 2130 si
1609 2082 1717 2130 libi-

336 2150 483 2197 dinem
504 2154 724 2212 negaveris
736 2170 823 2199 esse
836 2155 1094 2200 vincendam
1114 2172 1125 2200 ε
1149 2176 1169 2196 »
1189 2171 1290 2218 quae
1305 2157 1454 2218 utique
1466 2172 1554 2201 non
1572 2153 1717 2200 vinci-

337 2232 425 2277 tur,
453 2221 489 2266 si
514 2222 683 2268 nullum
705 2240 807 2269 cum
824 2242 870 2270 ea
885 2226 1048 2286 geritur
1069 2225 1248 2272 bellum.
1275 2226 1390 2271 Cum
1408 2226 1541 2285 igitur
1562 2225 1717 2271 libidi-

337 2307 437 2335 nem
459 2301 503 2336 et
525 2293 767 2338 naturalem
785 2312 899 2349 esse,
929 2306 973 2342 et
1008 2296 1125 2341 vinci
1148 2313 1296 2359 posse,
1322 2297 1452 2342 ambo
1487 2296 1715 2349 dieamus,

340 2370 488 2405 utrum
511 2360 678 2406 bonum
697 2363 940 2420 vincamus,
958 2383 1014 2411 an
1035 2365 1220 2421 malum,
1241 2366 1336 2428 ipsa
1357 2367 1469 2411 inter
1486 2383 1564 2411 nos
1583 2365 1717 2410 verti-

341 2440 411 2476 tur
428 2431 625 2493 quaestio.
659 2432 744 2477 Sed
771 2434 869 2480 vide
887 2452 1019 2498 quam
1035 2436 1089 2481 sis
1108 2435 1339 2492 absurdus,
1365 2437 1439 2501 qui
1464 2447 1505 2482 et
1526 2437 1587 2482 sic
1611 2437 1720 2482 hos-

341 2510 429 2546 tem
452 2499 517 2545 vis
525 2517 772 2564 expugnare
786 2502 1036 2561 libidinem,
1051 2505 1161 2551 etde
1175 2506 1290 2551 malo
1303 2509 1397 2566 ejus
1416 2524 1503 2552 non
1516 2507 1582 2554 vis
1594 2506 1718 2553 finire

389 2585 399 2607 ¹
421 2584 528 2617 Galat.
550 2595 579 2623 v,
603 2596 657 2624 17.
676 2583 750 2607 —2
767 2589 862 2620 Rom.
879 2599 925 2627 vr,
948 2591 986 2620 ¹3
1003 2594 1033 2620 et
1054 2600 1107 2622 ιε.
1128 2607 1173 2613 -
1192 2587 1206 2612 3
1228 2600 1243 2619 ι
1260 2591 1356 2623 Joan.
1376 2601 1453 2623 vm.
