1843 3190
327 261 504 295 CONTRA
537 261 764 297 mummi
803 261 1109 302 russonum,
1148 262 1237 298 mn,
1277 263 1340 295 vr.
1413 248 1508 310 [159

126 325 211 380 bus
235 326 448 377 nascendo
471 326 608 377 fuerat
633 327 866 386 obligatus,
904 327 999 389 ipso
1036 326 1276 377 Mediatore
1297 326 1468 377 dicente
1489 345 1501 372 t

125 415 148 436 >2
170 395 232 439 Ne
252 396 374 440 vobis
391 406 556 457 patrem
580 395 734 445 (licatis
754 396 799 443 in
820 396 950 442 terra'lv
969 414 979 440 :
1005 417 1024 437 »
1041 395 1281 445 secundum
1304 395 1392 445 hoc
1416 397 1506 444 uti-

123 480 226 527 que,
253 464 374 527 quod
404 465 505 510 alios
529 465 690 515 natales
714 465 875 528 quibus
898 482 984 510 non
1006 465 1119 527 patri
1144 461 1469 516 succederemus
1489 501 1501 520 ,

123 533 196 587 sed
220 550 319 585 cum
338 545 461 596 patre
479 551 646 597 semper
668 534 926 589 viveremus,
954 535 1213 584 invenimus,

187 604 438 655 LXXXIII.
467 603 534 648 Ad
551 604 695 649 omnia
715 620 783 652 me
806 603 889 648 tibi
915 603 1205 666 respondisse,
1246 602 1433 658 Juliane,
1462 614 1504 652 et

123 672 268 726 omnia
294 672 513 726 refellisse,
542 673 703 735 quibus
722 673 883 734 putasti
904 683 945 721 et
971 672 1181 734 disputati
1205 673 1503 725 voluminibus

120 753 309 805 quatuor
326 742 592 790 credendum
613 759 700 792 non
723 760 809 790 esse
825 741 1030 801 originale
1053 753 1303 803 peccatum,
1327 752 1370 786 et
1394 759 1501 787 con-

122 812 435 875 cupiscentiam
460 813 600 858 carnis
631 830 717 863 non
749 830 872 875 posse
918 812 1088 874 culpari
1112 812 1201 856 sine
1225 811 1502 861 damnatione

120 882 400 945 nuptiaru1113
421 893 529 945 puto
543 883 663 946 quod
682 883 907 946 perspicis,
929 882 961 926 si
980 882 1182 944 pervicax
1202 898 1289 931 non
1309 881 1376 931 sis.
1405 885 1499 931 De-

120 963 408 1005 monstratum
434 954 549 1001 cuim
573 964 652 1005 est,
676 970 772 1003 eum
810 963 977 1001 tantum
1009 963 1195 1014 paterno
1222 951 1399 1013 antiquo
1418 951 1499 996 de—

117 1022 216 1074 bito
247 1041 335 1076 non
362 1024 521 1079 teneri,
565 1024 640 1086 qui
667 1023 965 1073 haereditatem
998 1033 1252 1085 patremque
1283 1021 1495 1074 mutarim

121 1092 199 1139 ubi
223 1092 495 1138 cohaeredem
535 1094 699 1143 invenit
726 1093 906 1142 unicum
930 1110 1004 1154 per
1028 1103 1228 1142 naturam
1265 1090 1498 1153 adoptatus

117 1162 211 1225 ipse
225 1179 304 1225 per
330 1164 511 1222 gratiam
536 1180 546 1208 z
570 1164 694 1227 eique
721 1174 891 1213 tantum
926 1161 1327 1224 concupiscentiam
1346 1177 1495 1211 carna-

118 1232 204 1284 lem
239 1244 423 1286 mortem
465 1251 553 1283 non
594 1234 750 1286 inferre
778 1245 875 1296 post
903 1244 1086 1284 mortem
1105 1269 1116 1284 ‚
1142 1232 1220 1293 qui
1258 1231 1305 1281 in
1328 1230 1494 1281 Christi

119 1314 259 1348 morte
279 1304 492 1348 invenerit
510 1314 688 1349 mortem
705 1321 791 1366 qua
809 1304 1021 1348 moriatur
1041 1312 1240 1365 peccato,
1260 1311 1302 1352 et
1319 1301 1498 1351 evaserit

119 1385 302 1428 mortem
337 1391 422 1436 qua
447 1384 574 1420 natus
614 1374 752 1423 fuerat
786 1374 829 1424 in
855 1384 1048 1436 peccato.
1087 1393 1106 1411 a
1132 1373 1248 1420 Unus
1275 1370 1387 1420 enim
1418 1386 1498 1431 pro

120 1463 141 1485 >³
165 1444 370 1488 omnibus
390 1455 583 1488 mortuus
609 1454 686 1493 cst,
721 1461 820 1502 crgo
843 1460 989 1488 omnes
1018 1441 1178 1487 mortui
1199 1450 1298 1486 sunt
1321 1457 1331 1484 z
1359 1449 1400 1483 et
1416 1455 1498 1501 pro

119 1534 139 1554 ›>
162 1514 369 1558 omnibus
388 1524 587 1558 mortuus
611 1513 700 1557 cst2
721 1532 767 1558 z»
792 1530 869 1557 nec
887 1512 1233 1574 aliquipoterunt
1254 1509 1396 1553 vivere
1417 1524 1498 1570 pro

119 1583 280 1645 quibus
301 1600 387 1627 non
407 1593 468 1627 cst
492 1593 705 1630 mortuus.
735 1583 810 1646 qui
831 1599 911 1645 pro
934 1581 1113 1626 mortuis
1139 1580 1262 1624 vivus
1288 1588 1350 1622 est
1377 1594 1498 1622 mor-

119 1663 233 1698 tuus.
262 1653 555 1711 Haecnegans,
582 1653 650 1696 his
669 1669 933 1714 repugnans,
957 1652 1036 1696 ista
1054 1647 1299 1694 'convellere
1320 1646 1497 1691 moliens

119 1721 348 1767 catholicae
378 1721 477 1766 fidei
510 1722 777 1765 munimenta
793 1758 802 1776 ‚
826 1722 1030 1783 ipsosque
1053 1736 1205 1764 nervos
1230 1717 1499 1778 disrumpere

119 1791 368 1837 christianae
402 1792 619 1850 religionis
642 1829 652 1845 ,
688 1808 885 1854 veraequc
922 1791 1122 1853 pietati53
1157 1788 1285 1833 audes
1324 1787 1500 1848 insuper

124 1862 268 1907 dicere
297 1880 306 1906 :
344 1883 364 1901 c<
389 1862 520 1917 Quod
542 1874 692 1906 contra
728 1863 885 1924 impios
906 1861 1020 1906 bella
1058 1857 1290 1921 susceperis
1316 1874 1325 1901 :
1357 1878 1375 1896 n
1399 1872 1500 1900 cum

123 1932 352 1977 adversum
376 1943 554 1976 matrem
576 1948 674 1993 quae
708 1941 748 1976 te
774 1930 1024 1994 spiritaliter
1049 1929 1234 1991 peperit,
1265 1925 1393 1970 armis
1416 1925 1502 1969 im—

124 2002 300 2065 pietatis
323 2001 536 2049 induaris.
567 2001 708 2046 Audes
732 2023 751 2042 «
775 2002 836 2045 Te
860 2000 1019 2059 agmini
1039 2008 1288 2043 sanctorum
1306 1994 1502 2039 Patriar-

119 2072 324 2123 charum,
344 2071 680 2134 Prophetarum,
710 2070 1035 2133 Apostolorum,
1068 2069 1331 2128 Martyrum,
1355 2064 1504 2109 Sacer-

120 2142 359 2204 dotumque
379 2142 582 2186 miscere»
602 2158 700 2186 cum
718 2141 797 2186 tibi
819 2140 967 2185 dicant
987 2136 1255 2182 Patriarchae
1274 2134 1405 2179 etium
1421 2149 1503 2195 pro

120 2211 314 2276 parvulis
328 2212 437 2256 natis
459 2204 605 2256 oblata
631 2211 841 2257 sacrificia
865 2227 945 2273 pro
967 2208 1182 2272 peccati53
1209 2222 1257 2250 eo
1272 2202 1391 2267 quod
1416 2219 1504 2247 non

122 2284 175 2328 sit
203 2281 391 2326 mundus
417 2300 439 2326 a
475 2282 677 2327 sordibus
714 2298 792 2326 nec
832 2280 972 2325 infans
995 2277 1081 2322 diei
1106 2276 1232 2321 unius
1258 2290 1388 2335 super
1411 2282 1502 2317 ter-

121 2369 214 2397 ram
231 2351 246 2379 3
265 2369 275 2396 ε
305 2368 406 2396 cum
428 2352 509 2396 tibi
524 2351 673 2396 dicant
688 2351 920 2413 Prophetae
941 2386 950 2404 ,
972 2370 992 2390 «
1015 2348 1067 2392 In
1086 2344 1388 2408 iniquitatibus
1404 2358 1508 2386 con-

131 2443 152 2463 »
171 2421 288 2484 cepti
314 2438 466 2466 sumus
483 2420 499 2448 ⁵
520 2439 530 2466 ε
552 2442 571 2461 υ
596 2438 695 2466 cum
712 2422 792 2466 tibi
810 2420 961 2465 dicant
986 2415 1210 2480 Apostoli:
1239 2435 1260 2455 «
1285 2413 1508 2470 Quicum-

159 2522 180 2551 .¹
201 2520 318 2553 Matlh.
339 2533 441 2555 xxm.
456 2534 536 2562 9.—
553 2520 568 2543 2
586 2533 602 2551 2
620 2523 696 2555 Cor.
713 2533 744 2560 v,
763 2526 868 2556 14.—
881 2517 895 2541 ³
916 2518 1017 2551 Levit.
1036 2521 1141 2553 xu,et
1156 2514 1232 2546 Job.
1248 2513 1413 2554 xiv‚jnxta
1427 2521 1490 2541 Lxx

122 2595 167 2603 —
183 2573 199 2599 ⁴
216 2576 369 2610 Psal.1,v.
389 2588 421 2615 7.
