1843 3190
53 261 56 330 j
97 278 271 318 comm
305 279 420 318 nnis
456 278 687 318 amaretis
722 278 1096 330 nummarium,
1135 283 1223 323 mn
1266 288 1325 327 xv.
1401 276 1455 330 61

0 354 28 388 ΠΜ
93 347 212 398 dedit
236 365 362 411 sano,
400 359 441 400 et
458 349 669 419 praecepit
691 367 743 400 ne
780 349 891 401 ultra
909 352 1000 415 jam
1021 363 1245 419 peccaret,
1278 373 1330 406 ne
1351 357 1458 425 quid

0 427 27 457 ὦ
89 435 290 489 peccanti
311 424 698 486 graviusevennet
726 424 942 472 Coarctati
958 440 1154 485 eramus
1182 431 1283 477 etin
1308 447 1459 493 angus

13 555 16 559 ⁴
49 507 53 550 ζ
89 506 183 541 tum
206 495 463 541 innocentiae
483 496 810 558 praescriptione
842 496 1096 542 conclusi1·
1087 515 1097 542 :
1131 517 1210 546 nec
1244 501 1454 560 haberet,

18 573 24 599 ἓ
48 560 51 601 ἶ
90 565 195 628 quid
216 566 458 626 fragilitatis
475 566 684 612 humanae
703 567 932 612 infirmitas
953 578 1081 631 atque
1100 570 1372 618 imbecillitas
1388 573 1458 619 fa-

15 654 24 660 ·
89 646 227 691 ceret‚
253 636 334 680 nisi
360 636 515 681 iterum
543 636 678 698 pietas
711 636 859 682 divina
890 637 1172 696 subveniens,
1199 642 1381 700 J'ustitiae
1416 655 1458 689 et

19 714 21 718 “
45 708 47 721 ⁴
87 705 394 751 misericordiae
417 707 622 769 operibus
646 707 823 752 ostensis
841 743 852 763 ‚
879 707 992 753 viam
1017 710 1253 771 quamdam
1283 714 1458 760 tuendae

44 781 46 794 ’
86 775 233 821 salutis
258 777 469 839 aperiret3
493 787 541 822 ut
562 776 706 822 sordes
724 776 1007 840 postmodum
1023 795 1323 845 quascumque
1347 801 1457 829 con-

12 855 20 882 ὀ
87 846 298 892 trahimus
316 885 327 903 ‚
353 847 630 909 eleemosynis
649 846 892 894 abluamus.
915 868 935 888 υ
963 848 1061 893 Hoc
1083 851 1326 898 testimonio
1350 853 1458 900 duas

85 918 263 963 istorum
291 918 493 964 falsitates
524 918 639 963 testis
662 918 740 963 iste
765 918 1012 978 redarguit2
1037 937 1047 964 ε
1084 936 1215 966 unam
1231 958 1242 978 ,
1272 940 1358 987 qua
1384 924 1457 970 di-

0 994 4 997 *
39 1033 42 1035 ,
84 998 190 1033 cunt
208 988 321 1033 nihil
350 988 549 1033 vitiorum
581 1006 628 1033 ex
663 988 802 1033 Adam
828 988 999 1034 trahere
1026 1006 1158 1048 genus
1182 991 1424 1040 humanum
1441 1032 1451 1051 ‚

11 1048 14 1063 ¹
84 1058 203 1121 quod
228 1059 281 1104 sit
300 1057 544 1104 curandum
581 1058 909 1121 sanandumque
939 1076 1018 1121 per
1051 1059 1276 1107 Christum
1307 1081 1317 1108 ε
1346 1065 1456 1110 alte-

5 1146 14 1153 ·
82 1144 175 1173 ram
193 1165 204 1184 ,
233 1145 320 1192 qua
338 1128 492 1174 dicunt
510 1126 679 1173 nullum
701 1138 800 1190 post
817 1128 1088 1191 baptismum
1105 1142 1274 1177 sanctos
1294 1133 1457 1181 habere

6 1215 12 1222 ·
34 1198 39 1254 Ξ
81 1209 326 1261 peccatum.
356 1199 550 1244 Rursum
567 1198 612 1243 in
637 1198 782 1244 eadem
806 1198 989 1262 epistola
1012 1217 1023 1245 ε
1051 1221 1070 1241 <‹
1094 1205 1256 1259 Ponat,
1279 1203 1449 1267 inquit,

82 1270 376 1334 unusquisque
401 1279 498 1314 ante
523 1268 671 1314 oculos
697 1286 795 1314 suos
815 1268 1040 1315 diabolum
1062 1287 1163 1316 cum
1187 1273 1273 1318 suis
1294 1277 1422 1322 servis
1437 1314 1448 1333 ‚

80 1337 127 1382 id
152 1350 237 1395 est,
266 1356 368 1385 cum
384 1338 548 1402 populo
568 1338 824 1401 perditionis
841 1356 891 1385 ac
908 1340 1057 1385 mortis
1078 1341 1123 1386 in
1142 1342 1334 1389 medium
1351 1363 1453 1408 pro-

80 1408 219 1465 silire,
245 1410 420 1473 plebem
444 1409 608 1455 Christi
645 1420 855 1472 praesente
895 1427 943 1455 ac
964 1410 1217 1469 judicante
1206 1431 1300 1476 ipso
1324 1433 1449 1461 com-

79 1447 316 1543 parationis
345 1480 534 1525 examine
564 1497 804 1542 provocare
833 1480 1048 1526 dicentem
1079 1499 1090 1526 ι
1128 1484 1187 1525 Eo
1167 1500 1218 1541 go
1248 1502 1329 1546 pro
1361 1487 1451 1533 istis

79 1566 188 1613 quos
208 1566 379 1595 mecum
403 1549 550 1605 vides,
571 1567 649 1595 nec
682 1550 828 1613 alapas
851 1551 1030 1613 accepi.
1058 1569 1136 1597 nec
1153 1553 1321 1612 fl1gella
1351 1573 1448 1602 sus-

32 1614 33 1627 ³
80 1621 191 1665 tinui
207 1657 219 1677 ,
248 1637 328 1665 nec
350 1637 525 1665 crucem
546 1619 732 1682 pertuli,
753 1637 832 1665 nec
855 1625 1105 1679 sanguinem
1126 1622 1221 1668 fudi
1239 1661 1250 1680 ‚
1279 1642 1356 1671 nec
1378 1628 1448 1673 fa·-

26 1725 29 1730 ‡
77 1690 242 1736 miliam
265 1706 404 1735 meam
426 1689 566 1753 pretio
585 1690 794 1752 passionis
814 1702 856 1736 et
875 1691 1039 1736 cruoris
1060 1690 1247 1749 redemi,
1275 1695 1348 1741 sed
1369 1715 1447 1744 nec

77 1777 257 1821 regnum
280 1760 363 1806 illis
390 1759 561 1805 coeleste
590 1760 801 1823 promitto
819 1798 831 1817 ‚
862 1778 941 1806 nec
968 1761 1022 1806 ad
1055 1763 1305 1824 paradisum
1322 1769 1447 1814 resti—

77 1841 169 1877 tuta
195 1830 518 1877 immortalitate
551 1830 693 1877 denuo
725 1848 896 1879 revoco,
923 1853 944 1874 ›>
976 1832 1284 1894 Respondeant
1318 1838 1445 1884 Pela-

22 1960 23 1972 *
78 1902 220 1962 giani,
257 1901 434 1966 quando
466 1901 676 1948 fuerimus
713 1902 759 1947 iu
791 1901 1114 1948 immortalitate
1151 1905 1367 1966 paradisi,
1407 1921 1449 1956 et

77 1972 295 2036 quomodo
319 1971 420 2018 inde
434 1971 643 2018 fuerimus
663 1972 828 2036 expulsi
847 2010 858 2029 ‚
890 1983 938 2018 ut
955 1989 1004 2018 eo
1027 1972 1190 2019 Christi
1214 1977 1349 2035 gratia
1375 1997 1446 2025 re-

74 2060 295 2090 vocemur.
326 2044 382 2089 Et
405 2060 505 2088 cum
531 2043 724 2089 invenire
744 2043 1020 2106 nequiverint
1041 2044 1150 2107 quid
1170 2045 1244 2091 hic
1272 2065 1352 2110 pro
1369 2067 1445 2097 sua

75 2113 354 2177 perversitate
382 2112 694 2176 respondeant,
728 2113 955 2159 attendant
982 2115 1349 2176 quemadmodum
1374 2121 1446 2166 in-

76 2184 280 2230 tellexerit
299 2184 545 2246 Cyprianus
569 2183 687 2246 quod
710 2184 770 2228 ait
789 2184 1022 2246 Apostolus
1046 2202 1057 2228 :
1085 2205 1105 2226 «
1125 2186 1175 2230 In
1196 2203 1282 2249 quo
1300 2206 1447 2238 omnes

76 2277 97 2298 »ι
115 2253 433 2318 peccaverunt-⁹³
458 2270 469 2298 ι
493 2275 513 2295 >>
541 2263 582 2298 et
612 2252 831 2314 Pelagiani
865 2254 1062 2300 haeretici
1084 2255 1192 2301 novi
1214 2256 1267 2302 de
1299 2260 1447 2306 Mani-

76 2325 211 2372 chaeis
234 2324 451 2371 veteribus
483 2323 698 2369 haereticis
725 2322 837 2368 nulli
869 2323 1088 2370 catholico
1122 2325 1308 2374 audeant
1329 2330 1445 2377 irro-

77 2412 174 2455 gare
193 2393 456 2440 calumniam
474 2431 485 2450 ,
507 2410 560 2438 ne
589 2404 678 2438 tam
703 2393 951 2439 sceleratam
974 2394 1102 2440 etiam
1127 2400 1309 2461 martyri
1329 2402 1445 2448 anti-

75 2481 162 2528 quo
188 2465 412 2528 Cypriano
425 2462 564 2509 facere
583 2464 898 2510 convincantur
915 2464 1135 2524 injuriam.

139 2535 282 2582 XXII.
312 2535 410 2582 Hoc
433 2534 549 2580 enim
571 2545 614 2580 et
636 2535 682 2581 in
696 2534 876 2599 epistola
893 2571 905 2593 ,
933 2539 1059 2597 cujus
1090 2535 1145 2584 de
1179 2538 1442 2592 Mortalitate

123 2617 137 2645 ¹
155 2618 253 2663 Joang
265 2626 300 2663 v,
317 2622 371 2656 14.
389 2634 436 2644 —-
452 2614 469 2643 2
484 2618 560 2653 Luc.
576 2626 622 2663 xi,
637 2623 696 2656 41.
710 2633 756 2643 ·-
772 2613 787 2642 3
802 2620 898 2653 Rom.
914 2625 946 2665 V!
967 2628 1019 2654 12.
