1843 3190
289 314 461 345 CONTRA
497 314 722 345 surranum
758 314 1063 358 PELAG1ANUM‚
1103 319 1190 350 Lm.
1230 319 1290 350 vr.
1365 304 1451 359 441

89 391 150 426 est
170 381 286 444 quod
311 380 451 426 dixisti
475 398 484 424 :
513 401 533 421 α
552 381 667 437 Quia
692 384 830 439 major
846 391 886 426 et
912 381 1053 427 minor
1078 384 1130 429 ad
1158 385 1325 430 finitam
1363 401 1457 447 spe-

89 452 198 496 ciem
218 451 404 514 pertinet
423 451 705 513 quantitatis?
728 451 812 497 Sed
839 453 1074 514 quantitas,
1101 455 1261 517 inquis,
1286 471 1370 499 non
1388 471 1460 499 so-

87 520 176 566 lum
202 520 519 566 contrariorum
553 537 685 583 capax
715 538 802 565 non
838 531 914 576 est,
939 523 1057 584 quod
1079 525 1114 569 ei
1133 542 1232 570 cum
1254 524 1462 587 qualitate

89 601 218 652 atque
257 590 348 635 aiiis
374 589 724 652 praedicamentis
744 610 754 643 3
777 592 1057 636 verumetiam
1085 611 1163 639 nec
1192 594 1460 639 contrarium

88 659 239 714 habet,
267 660 385 722 quod
401 659 550 704 eicum
577 659 830 704 substantiae
845 670 905 705 est
924 660 1175 707 definitione
1192 680 1422 708 commune
1445 681 1456 707 :

88 729 251 774 bonum
282 746 381 774 vero
413 740 453 774 et
496 729 655 774 malum
699 731 917 775 contraria
941 743 1054 778 sunt.
1086 754 1105 773 n
1132 733 1238 778 Haec
1266 732 1461 795 profecto

88 817 313 862 nunquam
340 800 520 849 diceres,
547 800 580 844 si
600 800 779 846 lectores
804 801 870 845 vel
887 801 1102 848 auditores
1127 803 1340 848 librorum
1362 813 1462 848 tuo-

87 887 182 915 rum
196 870 673 933 putaresintellccturos
692 888 777 916 esse
803 871 921 934 quod
943 872 1065 919 dieis.
1093 874 1229 918 Ita-ne
1250 890 1349 918 vero
1367 873 1462 918 ideo

88 940 339 986 immundus
367 941 500 986 homo
528 942 755 987 immundo
786 943 936 1002 angelo
971 943 1224 990 subdendus
1248 960 1337 988 non
1359 943 1460 999 fuit,

87 1010 293 1074 quoniam
314 1012 536 1073 quantitas
556 1029 641 1074 qua
666 1012 843 1057 homine
868 1016 1006 1072 major
1036 1024 1097 1058 est
1117 1013 1306 1073 Angelus
1322 1050 1332 1067 ,
1371 1030 1462 1057 non

88 1079 225 1125 solum
253 1081 567 1126 contrariorum
587 1099 722 1144 capax
741 1099 826 1126 non
852 1092 930 1136 est,
957 1084 1240 1128 verumetiam
1266 1100 1344 1127 nec
1361 1099 1463 1127 con-

90 1150 267 1195 trarium
285 1150 420 1195 hahet
444 1169 453 1195 :
473 1152 594 1214 quasi
620 1162 725 1196 tuuc
749 1151 924 1196 diabolo
950 1151 1098 1197 fuisset
1115 1153 1249 1197 homo
1270 1151 1467 1196 subden-

90 1219 189 1274 dus,
214 1220 248 1264 si
266 1220 301 1264 ei
322 1221 581 1283 reperiretur
616 1238 703 1265 esse
744 1221 1009 1274 contrarius3
1032 1232 1072 1266 et
1101 1222 1212 1266 mala
1240 1220 1467 1265 subdenda

90 1306 177 1334 non
192 1291 276 1333 sint
299 1290 435 1341 malis,
461 1290 562 1352 quia
589 1291 703 1335 bona
718 1290 856 1345 malis,
886 1307 974 1335 non
993 1291 1103 1336 mala
1121 1291 1243 1335 malis
1263 1290 1465 1335 videntur

90 1376 176 1404 esse
194 1359 445 1404 contraria?
474 1359 594 1415 Quid
635 1360 786 1405 vanius
810 1360 1008 1419 cogitari,
1035 1361 1142 1424 quid
1167 1361 1355 1423 ineptius
1379 1359 1469 1405 dici

89 1431 262 1491 potest.3
292 1430 448 1473 Nonne
483 1429 660 1473 domino
693 1429 896 1474 subditur
919 1446 1080 1483 servus,
1103 1440 1144 1474 et
1166 1429 1308 1474 bonus
1328 1430 1462 1484 bono,

90 1508 132 1543 et
151 1498 288 1543 malus
324 1497 434 1543 malo
454 1536 464 1553 ,
492 1509 533 1543 et
565 1499 701 1544 malus
726 1500 843 1544 bono
862 1536 873 1555 ,
903 1510 945 1544 et
968 1500 1109 1544 bonus
1139 1499 1286 1544 malo?
1313 1500 1467 1544 Nonne

92 1584 199 1613 uxor
218 1567 424 1613 subditur
446 1568 558 1623 viro,
584 1579 626 1613 et
644 1569 760 1614 bono
786 1570 917 1624 bona,
938 1579 979 1614 et
996 1568 1108 1614 malo
1129 1569 1259 1624 mala,
1289 1579 1330 1614 et
1348 1569 1465 1613 bono

92 1636 224 1693 mala,
252 1648 292 1682 et
309 1638 424 1683 malo
440 1638 588 1683 bona?
613 1639 731 1694 Quid
752 1639 884 1697 igitur
905 1638 1092 1700 pertinet
1117 1638 1170 1683 ad
1197 1639 1281 1683 vim
1298 1638 1384 1683 sive
1401 1655 1467 1682 ra·

93 1707 272 1762 tionem,
291 1725 380 1771 qua
401 1708 598 1771 quidque
622 1709 780 1773 cuique
793 1708 1069 1754 subdendum
1099 1719 1178 1759 est,
1202 1719 1348 1753 utrum
1370 1708 1468 1753 haec

93 1794 158 1823 res
181 1788 255 1822 aut
278 1777 350 1822 illa
369 1778 504 1840 possit
530 1778 595 1823 vel
626 1796 714 1823 non
736 1780 870 1841 possit
896 1795 1049 1841 capere
1073 1777 1141 1822 vel
1172 1777 1335 1822 habere
1358 1794 1468 1822 con-

83 1845 307 1892 trarium?
329 1847 490 1892 Verum
509 1858 553 1892 tu
573 1847 1028 1910 planeiuconsiderute
1043 1847 1121 1892 ista
1142 1864 1230 1891 non
1249 1846 1466 1902 funderes,

94 1918 128 1964 si
169 1917 361 1963 stultitiae
390 1934 489 1980 quae
515 1918 596 1963 tibi
615 1918 696 1963 ista
720 1918 905 1977 suggerit
930 1917 1183 1980 sapientiam
1208 1917 1468 1962 contrariam

94 1988 314 2048 cogitares.

159 2057 291 2102 LXV.
321 2060 417 2101 Jam
439 2074 570 2119 porro
584 2056 655 2111 illa
676 2056 814 2119 qualis
838 2066 898 2101 est
914 2054 1230 2115 argumentatio
1247 2065 1319 2101 tua
1342 2073 1352 2100 :
1377 2076 1397 2096 «
1424 2056 1470 2101 Si

95 2145 177 2175 reS.
205 2127 364 2190 inquiS,
390 2143 490 2189 quae
507 2127 706 2172 decenter
721 2126 917 2172 ordinata
933 2136 1010 2181 est,
1034 2124 1089 2169 ad
1108 2126 1249 2170 Deum
1268 2126 1468 2188 pertinet,

96 2209 138 2243 et
156 2215 220 2243 res
243 2213 342 2259 quae
360 2197 413 2241 ad
436 2198 575 2242 Deum
596 2197 798 2260 pertinet,
822 2197 937 2241 bona
952 2206 1012 2240 est
1029 2217 1038 2251 3
1056 2196 1223 2240 bouum
1239 2206 1301 2240 est
1325 2196 1472 2260 itaque

97 2267 322 2313 subditum
343 2283 429 2312 esse
450 2266 645 2320 diabolo,
664 2267 870 2330 quoniam
892 2266 1114 2311 institutus
1143 2283 1164 2309 a
1180 2266 1271 2309 Deo
1286 2283 1363 2328 per
1383 2267 1469 2311 hoe

99 2337 206 2384 ordo
231 2347 439 2383 servatur.
473 2337 788 2401 Sequiturque,
817 2337 979 2399 inquis,
1006 2345 1053 2380 ut
1072 2335 1231 2380 malum
1257 2335 1309 2380 sit
1334 2335 1473 2381 rebel-

97 2408 186 2454 lare
209 2407 402 2462 diabolo,
422 2408 631 2471 quoniam
651 2425 727 2471 per
748 2406 1066 2452 resultationem
1095 2406 1318 2450 institutus
1341 2424 1362 2449 a
1379 2408 1468 2451 Deo

99 2478 207 2524 ordo
238 2477 455 2524 turbatur.
489 2499 508 2518 »
533 2479 681 2523 Posses
706 2477 872 2531 dicere,
905 2481 993 2521 Deo
1018 2475 1207 2521 resistere
1247 2473 1471 2534 agricolas,

99 2551 275 2611 ejusque
291 2546 486 2593 ordinem
511 2548 785 2611 perturbare,
805 2546 1037 2610 purgando
1057 2562 1179 2606 agros
1204 2563 1226 2590 a
1261 2544 1396 2607 spinis
1430 2554 1473 2589 et
