1843 3190
369 247 394 277 2
408 229 462 285 14
787 244 823 274 S.
865 242 1110 274 Aueusrml
1146 241 1351 273 EPISGOPI

371 328 460 360 non
493 309 798 374 Scripturaum
819 319 1066 355 sanctarum
1083 308 1271 373 eloquia,
1294 324 1394 371 quae
1417 324 1752 364 commemoras,

368 381 488 436 dico,
514 381 587 426 secl
606 398 654 425 ex
678 380 745 426 his
773 396 873 442 quae
906 380 1120 424 conficere
1160 379 1323 425 niteris.
1378 378 1754 441 Quandoquidem

372 451 481 497 dicis
508 469 520 497 :
543 451 604 495 Ex
619 450 707 495 1106
724 449 905 508 intelligi
931 449 1089 494 debere
1108 448 1345 512 perfectam
1365 448 1651 508 ignorantiam
1666 453 1756 508 jus-

369 521 510 566 titiam
531 519 773 572 no1·ninari;
805 519 909 582 quia
943 519 1052 564 dixit
1092 520 1207 565 Deus
1242 519 1297 564 ad
1344 518 1604 565 Abimelech
1625 556 1636 575 ‚
1681 518 1757 582 qui

371 607 473 637 cum
502 591 609 636 Sara
626 588 768 635 fuerat
796 589 1131 646 concubiturus,
1158 590 1363 648 ignorans
1387 588 1505 652 qnod
1536 606 1640 634 uxor
1653 599 1758 634 esset

373 661 530 716 aliena,
556 681 577 701 «
599 661 655 706 Et
674 677 750 720 ego
778 660 987 716 sciebam,
1020 661 1119 724 quia
1157 660 1203 705 in
1244 659 1377 705 corde
1410 659 1579 704 mundo
1622 658 1758 704 fecisti

376 753 396 773 »
413 730 548 778 11061.
566 753 587 772 2>
602 731 658 775 Et
681 729 778 776 ideo
795 732 1067 777 nascentium
1089 740 1267 786 statum,
1290 730 1583 789 generantium
1600 730 1760 775 volun-

373 812 460 847 tate
482 818 570 847 non
592 800 697 845 laedi
723 819 734 845 ε
765 801 870 863 quia
890 802 972 846 etsi
993 801 1105 846 mala
1124 811 1248 856 esset,
1274 801 1437 863 inquiS,
1463 811 1603 844 tamen
1629 799 1684 844 ad
1702 799 1760 845 il-

372 872 514 918 lorum
530 870 651 916 nullo
672 887 824 930 genere
850 871 1077 916 scientiam
1100 871 1358 933 perveniret.
1389 892 1407 911 n
1443 871 1534 915 Cur
1555 887 1655 929 ergo
1691 887 1762 915 eos

374 958 463 987 non
480 941 676 986 nominas
691 944 850 1000 justos,
873 941 907 986 si
921 941 1115 1004 perfecta
1128 941 1374 1001 ignorantia
1385 941 1570 1000 justitiae
1589 941 1762 985 nomine

374 1010 673 1075 nuncupanda
694 1014 786 1057 est?
813 1011 938 1057 Nihil
963 1022 1025 1056 est
1049 1028 1240 1074 namque
1256 1011 1492 1074 perfectius
1520 1011 1764 1069 ignorantia

376 1081 663 1147 parvulorum
691 1099 702 1126 :
730 1081 845 1127 nibil
881 1099 983 1141 ergo
1004 1093 1186 1136 vocetur
1202 1093 1244 1127 et
1257 1083 1430 1141 justius.
1462 1081 1550 1126 Ubi
1568 1091 1630 1126 est
1644 1080 1763 1143 quod

380 1153 578 1217 superius
604 1151 881 1197 asserendum
907 1152 1071 1215 putasti
1094 1169 1105 1197 ι
1129 1173 1150 1194 α
1168 1152 1259 1198 Ν66
1283 1155 1422 1211 justos
1457 1151 1574 1196 nasci
1598 1167 1765 1214 parvu-

380 1225 461 1280 los,
485 1239 564 1268 nec
586 1222 791 1282 injustos,
820 1222 942 1285 quod
964 1222 1104 1268 futuri
1117 1233 1217 1267 sunt
1241 1222 1411 1267 actibus
1439 1223 1548 1275 suis;
1567 1220 1639 1266 sed
1666 1231 1764 1266 tan-

382 1291 614 1339 tummodo
647 1292 879 1338 infantiam
915 1293 1181 1338 innocentiae
1198 1292 1299 1338 dote
1328 1292 1603 1354 locupletem.
1631 1313 1650 1332 »
1677 1293 1767 1337 An-

383 1382 470 1411 non
483 1363 615 1409 verba
635 1373 708 1408 tua
723 1373 840 1418 sunt,
863 1363 941 1409 ubi
962 1363 1074 1409 dicis
1094 1381 1104 1408 :
1134 1384 1154 1403 α
1188 1365 1329 1409 Homo
1352 1363 1481 1421 igitur
1519 1362 1766 1407 innocentia

390 1433 566 1497 quidem
586 1432 760 1496 plenus,
790 1432 865 1478 secl
884 1433 1058 1478 virtutis
1078 1450 1214 1496 capax
1238 1434 1431 1478 nascitur
1445 1469 1455 1488 ‚
1481 1443 1555 1477 aut
1572 1429 1764 1488 landem,

386 1513 460 1549 aut
477 1502 858 1565 reprehensionem
883 1519 931 1547 ex
955 1503 1183 1566 proposito
1203 1502 1450 1557 accedente,
1470 1503 1700 1548 meriturus
1715 1506 1733 1548 [³
1749 1525 1767 1543 »

384 1573 825 1636 Numquidvirtutem
842 1573 1040 1619 dicturus
1059 1591 1144 1619 esse
1159 1591 1249 1619 non
1266 1574 1517 1633 Justitiam‘)
1536 1573 1768 1630 Quomodo

385 1644 519 1704 igitur
535 1643 674 1689 infans
692 1643 890 1688 nondum
917 1644 1072 1706 plenus
1089 1655 1151 1689 est
1171 1645 1348 1699 virtute,
1391 1643 1464 1688 sed
1480 1661 1636 1706 capax,
1668 1661 1769 1689 cum

388 1714 542 1778 plenus
555 1713 610 1758 sit
625 1713 886 1772 ignorantia,
902 1730 1035 1776 quam
1050 1714 1158 1759 (licis
1176 1731 1261 1760 esse
1274 1715 1488 1774 justitiam
1507 1735 1517 1767 3
1535 1715 1623 1768 ‚nisi
1637 1714 1769 1761 virtu-

390 1796 477 1830 tem
515 1800 641 1843 neges
678 1799 764 1828 esse
782 1783 1024 1842 justitiam?
1050 1785 1197 1829 Ita-ne
1220 1783 1414 1829 nondum
1432 1784 1656 1843 evigilabis
1685 1785 1770 1829 hac

391 1853 661 1901 absurditate
679 1870 925 1917 percussus,
958 1866 1001 1899 et
1023 1864 1064 1900 te
1083 1854 1172 1899 1106
1191 1854 1343 1900 dixisse
1368 1855 1632 1917 poenitebit?
1658 1856 1769 1900 Nam

394 1924 571 1970 Domini
600 1924 735 1969 verba
752 1923 953 1984 vigilant,
988 1923 1063 1970 sed
1085 1935 1133 1970 tu
1153 1924 1329 1970 dormis,
1376 1926 1528 1987 Neque
1558 1925 1672 1970 enim
1714 1926 1772 1971 ait

394 1995 500 2055 regi,
525 1994 727 2040 Sciebam
740 1994 844 2057 quia
861 2011 937 2040 cor
956 1994 1093 2040 babes
1103 1998 1271 2054 justum
1291 2014 1303 2048 ς
1326 2005 1401 2039 aut
1424 1994 1526 2056 quia
1546 2011 1622 2039 cor
1635 1995 1770 2040 habes

394 2063 612 2111 mundum
645 2081 656 2108 ε
698 2080 800 2110 curn
841 2064 1139 2127 scriptumsit,
1174 2064 1335 2110 «Beati
1368 2065 1445 2127 qui
1476 2064 1642 2110 mundo
1673 2075 1774 2111 sunt

397 2156 418 2178 »
443 2134 598 2190 corde,
624 2134 832 2198 quoniam
862 2135 946 2198 ipsi
963 2137 1105 2180 Deum
1125 2135 1340 2182 videbunt
1355 2135 1389 2190 ἓ).
1416 2157 1436 2177 »
1454 2136 1523 2183 Tu
1547 2145 1691 2181 autem
1711 2136 1772 2180 is-

399 2215 493 2251 tum
512 2204 769 2250 Abimelech
796 2204 850 2250 ad
873 2206 1115 2268 peccatoris
1147 2206 1360 2269 proponis
1398 2205 1657 2269 exemplum.
1687 2205 1773 2252 Sed

396 2275 614 2331 sciebam,
636 2274 780 2339 inquit
807 2278 948 2332 Deus,
973 2276 1077 2339 quia
1105 2276 1286 2322 incorde
1305 2276 1473 2324 mundo
1497 2275 1634 2321 fecisti
1666 2276 1766 2322 hoc.

401 2349 499 2393 Non
523 2346 686 2403 omnia,
711 2346 780 2393 vel
809 2363 1100 2411 quaecumque
1119 2347 1228 2402 alia;
1250 2347 1324 2393 sed
1344 2347 1447 2402 hoc,
1469 2347 1514 2392 in
1536 2364 1626 2409 quo
1645 2347 1771 2395 adul-

399 2418 495 2465 terii
511 2417 819 2464 conscientiam
841 2435 929 2464 non
942 2419 1154 2465 babebat.

461 2486 689 2542 XXXVII.
714 2487 851 2540 Miror
869 2499 1012 2535 tamen
1036 2489 1157 2552 quod
1173 2490 1255 2542 isto
1272 2488 1465 2553 exemplo
1491 2506 1514 2534 a
1530 2499 1570 2535 te
1588 2506 1774 2537 comme-

448 2571 456 2593 ¹
477 2572 561 2604 Gen.
579 2581 634 2606 xx,
653 2572 686 2601 6.
700 2587 744 2594 —
761 2569 777 2592 ²
797 2568 919 2604 Matth.
932 2583 964 2610 V,
979 2573 1009 2604 8.
