1843 3190
309 321 480 352 CONTRA
519 320 744 354 summu
782 319 1087 361 rumentum,
1130 322 1214 352 Liss.
1260 323 1317 353 iv.
1394 306 1483 353 285

108 385 227 433 velut
264 385 443 449 quidam
478 385 664 431 {edituus
698 385 845 448 pudor
880 396 978 431 tuus
1015 404 1039 431 a
1070 386 1327 443 verborum,
1371 387 1483 433 sicut

105 455 336 519 perhibes,
384 455 581 500 libertate
619 455 854 502 submovit.
879 476 899 497 >2
949 456 1093 512 Quare
1135 472 1222 501 non
1258 457 1403 520 potius
1427 457 1480 502 de

107 525 233 571 bonis
273 542 374 589 quae
410 525 584 580 laudas,
626 525 761 571 libere
800 525 1014 588 loqueris?
1041 526 1186 582 Quare
1222 543 1308 571 non
1344 537 1405 571 est
1429 526 1481 571 de

105 613 233 659 opere
256 597 333 641 Dei
355 597 586 643 verborum
615 596 790 641 libertas
808 633 818 651 ,
852 597 885 641 si
911 600 1001 655 ejus
1028 597 1280 642 intemerata
1302 615 1474 660 perma-

104 677 176 712 net
196 667 381 726 dignitas
401 704 411 721 ,
446 684 522 712 nec
545 666 710 729 aliquid
731 667 793 711 ibi
813 667 898 726 egit
915 676 1142 729 peccatum
1159 704 1169 722 ‚
1200 667 1315 712 unde
1335 668 1480 730 potius

101 738 311 782 incuteret
323 736 533 799 pudorem
545 773 555 791 ,
572 747 615 781 et
633 737 864 782 verborum
883 737 1193 799 comprimeret
1208 736 1479 782 libertatem?

169 808 284 854 LVI.
315 828 335 848 α
361 807 404 852 Si
432 824 515 852 non
541 818 665 861 sunt,
692 807 837 870 inquis
859 845 868 864 ,
901 807 1070 870 nuptiae
1093 807 1181 853 sine
1200 807 1384 854 libidine
1403 846 1413 864 ,
1434 819 1474 854 et

101 878 352 938 generaliter
367 896 389 923 a
403 878 525 924 vobis
542 877 681 923 libido
699 878 951 934 damnatur,
970 878 1184 924 damnatis
1199 889 1239 924 et
1254 879 1439 942 nuptias.
1454 901 1473 922 ›>

99 949 247 995 Posses
267 948 410 993 dicere
427 985 438 1003 ,
461 948 562 1009 quia
579 947 860 993 damnabitur
879 965 990 994 mors
1006 985 1016 1005 ,
1040 965 1187 994 omnes
1206 948 1476 995 damnandos

98 1035 184 1064 esse
209 1019 422 1064 mortales.
453 1018 497 1063 Si
522 1029 663 1063 autem
696 1018 836 1064 libido
859 1019 912 1064 (le
944 1019 1165 1064 connubio
1193 1030 1326 1075 esset,
1363 1037 1473 1083 pro-

95 1089 209 1135 secio
228 1100 325 1135 ante
349 1089 617 1134 connubium
644 1088 710 1134 vel
738 1100 898 1151 prieter
919 1090 1187 1135 connubium
1209 1090 1329 1136 nulla
1347 1102 1468 1147 esset,

97 1181 117 1201 «
141 1160 237 1207 Non
258 1170 427 1223 potest,
454 1160 597 1223 inquis
620 1195 630 1214 ,
655 1159 742 1204 dici
767 1160 946 1205 morbus
970 1160 1059 1205 sine
1077 1177 1164 1224 quo
1188 1177 1273 1205 non
1294 1172 1355 1206 est
1372 1179 1474 1207 con-

95 1233 281 1278 nubium
304 1251 314 1277 :
343 1233 443 1297 quia
468 1242 715 1295 potestesse
740 1233 1010 1278 connubium
1032 1243 1191 1295 praeter
1208 1244 1436 1296 peecatum
1458 1254 1468 1289 ;

94 1304 273 1350 morbus
289 1315 431 1349 autem
451 1340 462 1359 ,
491 1303 634 1366 inquis
653 1341 663 1357 ‚
687 1304 742 1348 ab
765 1303 972 1366 Apostolo
999 1313 1226 1366 peecatum
1248 1303 1424 1352 dieitur.
1451 1328 1470 1347 »

93 1374 176 1420 Sed
198 1374 480 1438 respondetur
506 1374 586 1419 tibi
609 1392 618 1418 :
648 1374 744 1419 Non
770 1374 909 1420 omnis
932 1374 1112 1420 morbus
1146 1385 1375 1438 peceatum
1397 1375 1469 1421 di-

93 1445 220 1493 citur.
247 1448 330 1492 Ιεῖθ
347 1457 490 1492 autem
514 1446 691 1491 morbus
714 1463 845 1508 poena
864 1446 1034 1509 peceati
1053 1457 1114 1491 est
1136 1483 1146 1502 ‚
1171 1448 1259 1492 sine
1279 1463 1364 1509 qua
1382 1464 1470 1493 non

91 1527 338 1579 potestesse
361 1517 555 1562 humana
590 1526 745 1561 natura
766 1554 775 1572 ‚
812 1516 1006 1562 nondum
1034 1534 1079 1561 ex
1101 1517 1219 1562 omni
1252 1527 1376 1580 parte
1399 1535 1469 1563 sa-

91 1598 207 1635 nata.
234 1588 277 1633 Si
297 1599 437 1633 autem
462 1598 692 1651 propterea
713 1587 852 1633 libido
872 1588 1032 1633 malum
1057 1605 1143 1633 non
1163 1598 1240 1644 est,
1258 1588 1359 1651 quia
1380 1589 1468 1634 sine

90 1657 163 1704 illa
186 1676 273 1704 non
295 1659 344 1703 fit
378 1658 631 1721 nuptiarum
658 1658 824 1703 bonum
852 1676 861 1702 ε
890 1675 911 1703 e
945 1658 1165 1703 contrario
1189 1675 1267 1703 nec
1307 1675 1468 1722 corpus

89 1728 256 1775 bonum
282 1739 344 1774 est
365 1766 374 1784 ‚
400 1728 502 1792 quia
522 1728 610 1772 sine
630 1728 704 1773 illo
730 1745 816 1773 non
844 1729 893 1774 fit
928 1728 1130 1773 adulterii
1158 1727 1336 1775 malum.
1371 1729 1467 1775 Hoc

91 1809 231 1844 autem
258 1799 412 1845 falsum
439 1809 531 1844 est:
555 1798 615 1844 sie
639 1816 740 1858 ergo
773 1810 813 1844 et
846 1799 969 1845 illud.
1015 1799 1123 1854 Quis
1157 1809 1297 1844 autem
1334 1800 1467 1845 nescit

90 1872 333 1931 conjugatis
373 1869 630 1932 Apostolum
673 1871 931 1933 praecepisse
953 1907 963 1925 ‚
994 1880 1040 1914 ut
1066 1869 1193 1915 sciret
1231 1871 1466 1933 unusquis-

91 1957 176 2004 que
195 1957 343 1986 eorum
365 1957 491 1986 suum
512 1957 585 1985 vas
603 1940 819 2003 possidere
839 1977 849 1995 ‚
871 1940 957 1985 boe
979 1950 1039 1985 θεῖ
1064 1977 1074 1995 ,
1096 1957 1270 1985 uxorem
1290 1957 1411 1985 suam
1425 1940 1461 1998 1,

90 2027 178 2055 11011
200 2011 245 2056 111
270 2011 424 2056 morbo
439 2010 656 2066 desiderii,
675 2010 786 2055 sicut
806 2021 948 2071 gentes
966 2028 1066 2074 quae
1084 2010 1283 2070 ignorant
1304 2012 1458 2059 Deum.

92 2081 179 2137 Qui
204 2099 302 2142 ergo
327 2081 482 2127 dehac
507 2099 551 2126 re
575 2081 830 2144 Apostolum
856 2081 957 2142 legit
978 2119 986 2136 ‚
1019 2098 1057 2127 [θ
1082 2081 1270 2142 negligit.
1304 2084 1357 2128 Et
1377 2100 1465 2128 11011

89 2152 304 2197 erubescis
332 2153 461 2197 istum
499 2152 728 2207 morbum,
771 2152 836 2199 ς(0]
875 2151 996 2214 quod
1025 2162 1071 2198 tu
1110 2170 1195 2197 esse
1215 2189 1225 2208 ‚
1268 2153 1465 2215 quamvis

88 2221 378 2285 pudibundus
400 2260 410 2278 ,
450 2221 593 2268 fateris
614 2259 625 2278 ,
665 2222 788 2267 istam
832 2221 1059 2268 libidinem
1110 2222 1389 2269 introducere
1418 2224 1462 2269 111

88 2292 339 2355 paradisum
360 2331 370 2349 ,
389 2303 430 2338 θῖ
451 2292 641 2338 tribuere
662 2292 924 2352 conjugibus
943 2303 1039 2338 ante
1058 2304 1287 2356 peceatum
1304 2297 1322 2340 Ξ)
1339 2293 1465 2341 Ideo-

88 2379 141 2407 ne
162 2373 207 2408 tu
228 2381 318 2407 non
340 2363 383 2412 in
406 2379 533 2408 coeno
553 2362 835 2408 absconditus
857 2362 999 2408 latitas
1018 2381 1027 2419 ς
1049 2363 1151 2426 quia
1169 2363 1353 2410 libidine
1370 2383 1465 2411 car-

88 2432 153 2477 nis
173 2444 214 2478 et
235 2434 453 2493 sanguinis
489 2433 609 2496 quasi
632 2432 821 2494 paradisi
847 2433 952 2478 flore
977 2450 1096 2478 roseo
1123 2444 1162 2479 te
1186 2452 1366 2481 coronas
1385 2475 1396 2493 ‚
1424 2447 1465 2482 ct

88 2514 295 2567 tanquam
330 2504 515 2550 libenter
542 2503 614 2549 tali
654 2503 798 2550 colore
829 2504 1055 2568 perfusuS,
1095 2515 1136 2551 et
1177 2506 1393 2552 erubescis
1421 2517 1461 2552 et

89 2574 268 2621 laudas?

138 2658 148 2681 ¹
168 2670 179 2689 1
202 2657 313 2692 llice).
337 2669 376 2696 iv,
397 2664 427 2695 ί..
