1843 3190
245 263 420 297 com-uA
455 260 680 293 JULIANUM
716 260 1021 301 PELAGIANtM,
1062 261 1148 292 mn.
1193 262 1250 292 1v.
1341 245 1432 293 263

58 331 374 397 impudentiam
396 328 604 393 prosilire.
642 349 661 369 «
680 328 820 373 Erunt
857 344 956 387 ergo
975 364 985 380 ,
1014 327 1158 389 inquis
1176 364 1186 381 ‚
1222 329 1266 372 in
1305 327 1434 372 dam-

58 396 229 450 natione
253 402 512 465 sempiterna
531 436 541 455 ‚
565 399 607 443 in
634 398 795 462 quibus
816 409 905 443 erat
923 398 1232 457 verujustitia?
1256 420 1275 439 2>
1298 398 1335 441 O
1357 415 1431 442 vo-

59 490 152 519 cem
171 471 444 536 impudentia
464 473 624 528 majore
643 469 915 531 praecipitem
936 469 944 513 1
970 469 1068 512 Eion
1089 478 1181 513 erat
1197 504 1206 518 ,
1228 467 1426 530 inquam,

57 545 104 589 in
122 543 180 589 eis
202 560 300 588 vera
315 541 513 601 justitia:
541 539 643 602 quia
671 556 759 584 non
793 539 960 584 actibus
977 574 987 593 ‚
1022 537 1093 582 scd
1122 537 1284 582 finibus
1316 555 1428 601 pcn-

58 623 206 659 santur
230 611 384 657 officia.
908 603 911 607 ’

120 683 304 729 XXVII.
351 680 435 726 Sed
462 679 598 725 facete
625 695 674 724 ac
694 679 838 742 lepide
867 678 1001 723 homo
1023 677 1362 737 elegantissimus
1387 687 1430 722 et

55 752 390 805 urbanissimus,
413 771 433 792 c<
452 750 498 795 Si
526 748 697 794 dicatur
717 786 726 805 ‚
749 749 893 812 inquis
909 786 920 804 ‚
945 749 1046 812 quia
1068 748 1239 793 castitas
1267 747 1425 792 infide-

56 823 164 868 lium
191 822 362 868 castitas
384 838 472 867 non
493 830 583 874 est3
604 820 754 866 eadem
773 819 912 865 fronte
930 820 1101 864 dicetur
1119 855 1130 874 ‚
1152 818 1254 880 quia
1273 834 1435 880 corpus

57 906 327 957 paganorum
353 909 511 956 corpus
545 908 633 937 non
659 892 735 946 sit,
767 902 807 937 et
840 890 956 936 oculi
975 906 1242 953 paganorum
1266 905 1436 934 sensum

57 980 145 1008 non
168 963 358 1009 habeant
388 962 610 1017 intuendi,
640 972 679 1006 et
710 961 929 1006 frumenta
959 978 1059 1024 quae
1089 961 1135 1005 in
1163 976 1433 1022 paganorum

0 1046 1 1087 ᾗ
58 1044 297 1079 nascuntur
321 1033 431 1093 agris
449 1069 459 1088 ‚
482 1032 700 1077 frumenta
726 1049 815 1077 non
839 1032 924 1076 sint
947 1050 957 1075 ε
994 1043 1036 1076 et
1062 1030 1198 1076 multa
1215 1067 1226 1085 ,
1259 1030 1430 1093 inquis,

0 1104 1 1128 ἒ
60 1103 139 1149 alia
162 1110 264 1167 quae
287 1114 420 1148 tantae
454 1102 733 1148 absurditatis
766 1114 891 1157 sunt,
928 1113 975 1147 ut
1007 1102 1140 1146 risum
1173 1101 1340 1164 possint
1362 1101 1434 1144 in-

0 1184 1 1188 ’
58 1173 351 1233 telligentibus
376 1191 663 1220 commovere.
697 1194 717 1214 »
754 1174 853 1217 Non
882 1173 1012 1236 plane
1052 1173 1184 1216 risum
1208 1208 1218 1225 ,
1256 1170 1329 1216 sed
1352 1170 1435 1215 fle-

59 1255 151 1290 tum
183 1245 333 1307 potius
355 1244 695 1304 intelligentibus
720 1255 857 1290 vester
888 1253 1134 1289 commovet
1158 1242 1289 1298 risus,
1324 1241 1437 1286 sicut

60 1315 278 1360 mentibus
326 1314 567 1360 amicorum
604 1331 806 1360 sanorum
848 1314 997 1359 fletum
1043 1323 1289 1359 commovet
1327 1312 1436 1357 risus

59 1385 430 1447 phreneticorum.
463 1386 609 1431 Ita-ne
633 1397 707 1430 aut
735 1396 886 1430 contra
907 1385 1153 1448 Scripturas
1180 1394 1347 1429 sanctas
1364 1383 1437 1427 in·-

59 1454 196 1499 fidelis
221 1455 415 1500 animum
438 1455 642 1501 fornicari
669 1473 795 1514 negas
813 1493 823 1510 ‚
854 1466 927 1500 aut
946 1472 1030 1501 esse
1055 1456 1100 1501 in
1131 1455 1274 1500 animo
1301 1453 1436 1498 forni-

59 1533 184 1570 cante
202 1541 347 1570 veram
363 1525 600 1571 castitatem
619 1525 728 1571 dicis
745 1547 754 1580 ;
777 1537 817 1571 et
836 1525 971 1581 rides,
997 1537 1038 1571 et
1056 1542 1184 1571 sanus
1200 1529 1267 1570 es?
1289 1524 1431 1579 Unde,

59 1594 308 1657 quomodo,
345 1612 433 1658 qua
456 1597 623 1642 ratione
656 1596 772 1641 istud
810 1597 902 1642 fieri
939 1600 1108 1660 potest?
1148 1598 1330 1642 Prorsus
1355 1613 1435 1642 nec

58 1663 132 1709 illa
155 1675 216 1709 est
242 1665 415 1710 castitas
449 1683 578 1722 vera,
618 1684 696 1712 nec
730 1669 887 1712 sanitas
919 1678 1074 1714 vestra.
1114 1668 1322 1723 Prorsus,
1363 1668 1436 1713 iu-

61 1752 216 1797 quam,
243 1753 322 1781 nec
358 1752 459 1782 vera
483 1748 546 1783 est
567 1738 743 1783 castitas
781 1738 910 1783 animi
945 1737 1228 1794 fornicantis,
1266 1749 1307 1784 et
1338 1756 1439 1784 vera

60 1806 223 1850 insania
247 1817 308 1851 cst
331 1807 525 1855 hominis
548 1808 730 1854 dicentis
754 1809 840 1855 hoc
860 1808 1047 1854 dedecus
1069 1820 1110 1855 et
1129 1809 1323 1855 ridentis.
1352 1810 1439 1855 Nos

59 1887 202 1921 autem
225 1877 337 1922 absit
359 1888 407 1922 ut
425 1878 624 1924 dicamus
639 1917 649 1934 ‚
675 1879 794 1942 quod
813 1897 973 1942 corpus
988 1897 1257 1943 paganorum
1278 1897 1437 1943 corpus

60 1964 148 1992 non
180 1947 261 2003 sit,
298 1958 340 1992 et
368 1959 523 1995 caetera
548 1950 819 2010 hujusmodi.
865 1951 1013 2014 Neque
1036 1951 1151 1997 enim
1189 1962 1250 1996 est
1282 1968 1437 1997 conse-

58 2035 218 2081 quens,
242 2029 291 2064 ut
309 2021 344 2066 si
369 2035 458 2065 nou
478 2031 541 2066 est
571 2037 672 2066 vera
706 2022 843 2066 virtus
880 2039 967 2085 qua
1004 2021 1214 2080 gloriatur
1248 2022 1435 2085 impiuS,

60 2105 147 2133 non
180 2089 233 2134 sit
267 2107 417 2137 verum
444 2108 604 2154 corpus
640 2093 759 2154 quod
796 2103 1002 2155 operatur
1041 2094 1165 2138 Deus.
1202 2093 1285 2137 Sed
1310 2093 1439 2156 plane

59 2175 288 2220 possumus
311 2160 477 2216 dicere,
515 2162 824 2207 haereticorum
855 2162 1040 2207 frontem
1075 2179 1161 2208 uon
1200 2181 1285 2208 esse
1321 2163 1442 2209 fron-

60 2237 172 2284 tem,
199 2229 235 2274 si
263 2247 352 2275 non
379 2231 624 2277 membrum
650 2232 772 2295 quod
798 2231 901 2278 fecit
933 2234 1071 2289 Deus,
1111 2235 1352 2294 significare
1375 2236 1440 2280 in-

59 2298 304 2359 telligamur
336 2301 490 2348 frontis
521 2303 724 2358 nomine,
764 2303 837 2349 sed
872 2304 1100 2366 pudorem.
1137 2305 1256 2362 Quid
1294 2307 1442 2353 sinon

62 2369 107 2414 iu
146 2387 196 2415 eo
228 2371 325 2434 ipso
358 2372 474 2419 libro
506 2391 626 2430 me0,
667 2374 739 2420 cui
776 2375 1046 2438 respondisse
1079 2386 1120 2421 te
1147 2380 1314 2436 jactas,
1347 2388 1443 2424 ante

60 2450 363 2503 praestruerem
381 2480 392 2498 ,
414 2461 467 2489 ue
484 2444 531 2489 in
547 2445 632 2490 hac
651 2446 860 2491 sententia
875 2483 885 2501 ‚
907 2463 995 2509 qua
1012 2446 1199 2493 dicimus
1220 2465 1230 2492 z
1257 2470 1275 2489 α
1299 2449 1441 2494 Omne

63 2529 84 2551 >2
101 2510 222 2573 quod
247 2529 335 2558 non
357 2524 418 2559 est
436 2531 483 2561 ex
508 2514 594 2560 fide
610 2552 622 2571 ‚
646 2527 877 2579 peccatum
902 2528 988 2570 est3
1019 2519 1148 2563 etiam
1169 2518 1243 2563 illa
1279 2518 1443 2564 intelli-

63 2600 85 2622 »
104 2591 260 2640 gantur
282 2582 524 2631 infidelium
536 2621 550 2642 ,
577 2602 680 2649 quae
705 2586 822 2633 dona
844 2598 944 2634 suut
969 2589 1046 2635 Dei
1062 2616 1079 2644 ,ν
1102 2588 1251 2634 sivein
1279 2589 1412 2636 animi
1428 2626 1439 2645 ‚
