1843 3190
301 290 395 345 452
732 301 769 330 s.
810 299 1054 329 AUGusTmi
1090 300 1291 332 EPlscoPI

369 367 591 413 LXXVII.
617 387 636 407 α
657 365 759 420 Sed,
786 365 943 428 inquiS‚
960 365 993 410 si
1016 364 1069 410 de
1085 365 1251 428 peccati
1270 364 1448 411 traduce
1466 365 1675 429 loqueba-

301 450 390 494 tur,
417 455 633 501 nusquam
653 436 958 496 congruentius
974 435 1150 482 diceret.
1175 435 1279 481 Ideo
1302 437 1552 499 pertransiit
1567 453 1676 500 pec-

304 520 467 563 catum,
487 508 587 571 quia
607 523 753 552 omnes
770 516 869 551 sunt
888 505 941 550 de
965 509 1200 566 conjugum
1222 505 1449 569 voluptate
1459 508 1672 566 generati:

302 589 345 625 et
362 578 570 633 adderet,
602 579 651 622 In
679 594 728 622 eo
754 575 943 630 transiit,
981 575 1026 620 in
1053 592 1141 639 quo
1180 593 1228 621 ex
1257 576 1407 621 tabida
1433 576 1565 639 primi
1587 576 1677 622 ho-

302 649 432 695 minis
463 665 590 693 carne
629 647 860 692 fluxerunt.
891 669 910 686 n
949 645 1038 690 Nec
1077 644 1198 691 vides
1240 645 1390 691 eodem
1427 644 1559 690 modo
1598 646 1678 691 tibi

300 736 424 782 posse
452 718 539 763 dici
556 755 566 773 ,
598 717 642 762 Si
676 717 729 762 de
753 716 991 761 imitatione
1017 716 1183 778 peccati
1204 716 1437 778 Apostolus
1461 715 1677 778 loqueba-

300 798 390 843 tur,
411 804 625 849 nusquam
648 786 954 844 eongruentius
978 784 1165 839 diceret,
1192 784 1294 829 ldeo
1312 785 1562 847 pertransiit
1576 802 1679 848 pec-

302 868 468 911 catum,
492 857 595 919 quia
620 856 750 918 primi
775 854 963 899 hominis
987 853 1206 917 praecessit
1234 854 1477 916 exemplum
1505 872 1517 899 ε
1543 865 1585 900 et
1605 854 1679 900 ad-

304 928 440 983 deret,
471 929 522 972 ln
549 944 598 972 eo
618 926 804 979 transiit,
823 925 867 970 in
892 941 980 987 quo
1002 941 1149 970 omnes
1173 923 1288 969 illius
1302 925 1680 970 uniusimitatione

300 1007 611 1061 peccaverunt.
643 996 801 1058 Aliquo
823 995 936 1040 enim
955 994 1142 1040 duorum
1163 995 1342 1040 istorum
1374 995 1502 1041 modo
1527 996 1684 1058 loque-

294 1080 419 1115 retur
440 1067 672 1130 Apostolus
690 1067 776 1112 1106
799 1066 913 1120 1060,
937 1066 970 1111 si
993 1066 1044 1111 ad
1072 1077 1197 1112 tuum
1218 1066 1286 1111 vel
1309 1082 1453 1112 meum
1482 1067 1684 1130 loquere-

304 1149 374 1183 tur
397 1139 640 1183 arbitrium.
673 1137 786 1193 Quia
822 1154 922 1196 ergo
959 1153 1037 1181 nec
1070 1136 1180 1182 illud
1214 1136 1322 1182 dixit
1347 1135 1466 1199 quod
1504 1147 1576 1193 tu,
1605 1153 1684 1183 nec

302 1207 411 1253 illud
436 1208 556 1270 quod
573 1224 700 1266 ergo3
723 1205 939 1268 numquid
970 1206 1033 1251 vis
1069 1217 1116 1251 ut
1147 1207 1373 1252 credamus
1408 1206 1452 1251 in
1490 1206 1559 1252 his
1596 1211 1688 1267 ejus

301 1279 463 1332 verbis,
495 1294 572 1322 nec
591 1276 798 1336 originale
823 1275 1063 1321 secundum
1091 1277 1330 1322 catholicos
1346 1313 1356 1332 ‚
1388 1293 1467 1322 nec
1492 1277 1687 1322 imitato-

305 1349 420 1393 rium
443 1347 681 1392 secundum
702 1345 956 1405 Pelagianos
977 1345 1305 1404 intelligendum
1321 1362 1406 1392 esse
1424 1349 1688 1409 peccatum?

307 1419 421 1463 Puto
439 1416 558 1480 quod
578 1416 703 1462 nolis.
729 1415 920 1460 Remove
949 1415 1081 1474 igitur
1096 1415 1174 1460 ista
1193 1432 1293 1479 quae
1315 1427 1496 1479 possunt
1513 1434 1559 1462 ex
1575 1428 1691 1462 utra-

306 1505 392 1550 que
410 1498 533 1550 parte
564 1485 792 1531 momentis
815 1484 1061 1547 aequalibus
1080 1484 1186 1540 dici,
1213 1496 1253 1530 et
1270 1486 1304 1531 si
1330 1486 1410 1531 tibi
1436 1486 1582 1549 placet
1603 1487 1691 1532 sine

307 1558 585 1603 contentione
602 1556 710 1619 quid
747 1555 979 1618 Apostolus
1010 1555 1163 1600 dixerit
1192 1556 1379 1613 intueri,
1417 1556 1618 1611 adverte,
1645 1568 1694 1603 ut

307 1627 397 1673 1106
420 1627 599 1683 diceret,
627 1626 734 1689 quid
766 1626 952 1684 agebat:
979 1636 1020 1670 et
1049 1625 1240 1671 invenies
1267 1643 1347 1689 per
1381 1643 1518 1673 unum
1542 1627 1693 1673 homi-

310 1715 408 1743 nem
429 1698 535 1742 iram
568 1697 646 1741 Dei
678 1712 809 1757 super
833 1695 1078 1740 humanum
1099 1712 1255 1754 genus,
1284 1706 1323 1741 et
1347 1713 1427 1759 per
1454 1713 1589 1755 unum
1615 1697 1695 1743 ho-

316 1768 478 1813 minem
522 1765 919 1811 reconciliationem
955 1767 1047 1810 Deo
1074 1782 1221 1810 eorum
1247 1767 1323 1829 qui
1348 1783 1395 1811 ex
1420 1766 1698 1813 damnatione

315 1838 449 1882 totius
486 1836 649 1895 generis
690 1835 934 1879 liberantur
961 1835 1106 1894 gratis
1145 1835 1224 1880 llle
1260 1846 1323 1880 est
1354 1836 1522 1898 primus
1559 1836 1697 1883 Adam

313 1906 454 1951 factus
469 1923 515 1950 ex
539 1917 669 1959 terra,
687 1906 762 1950 iste
785 1904 1073 1950 estsecundus
1099 1904 1238 1950 Adam
1264 1904 1406 1950 factus
1429 1923 1476 1950 ex
1496 1906 1692 1953 foemina.

319 1976 403 2021 Sed
432 1976 494 2021 ibi
530 1993 608 2038 per
645 1975 835 2020 Verbum
861 1992 962 2020 caro
992 1976 1106 2020 facta
1138 1987 1200 2020 est
1221 2012 1231 2031 ,
1274 1975 1349 2020 hic
1386 1986 1525 2021 autem
1555 1976 1698 2039 ipsum

320 2046 514 2091 Verbum
538 2062 638 2090 caro
662 2045 824 2090 factum
843 2055 927 2099 est3
954 2055 1003 2090 ut
1032 2062 1111 2108 per
1135 2049 1224 2104 ejus
1256 2055 1438 2091 mortem
1465 2046 1662 2091 vivamus
1685 2083 1697 2103 ,

317 2133 405 2178 quo
423 2115 571 2160 relicto
594 2114 751 2159 mortui
770 2114 1002 2161 fueramus.
1031 2136 1051 2155 <‹
1074 2115 1381 2171 Commendat,
1400 2116 1559 2178 inquit,
1580 2133 1702 2162 suam

318 2206 340 2226 »
359 2186 617 2230 charitatem
646 2186 757 2229 Deus
776 2186 819 2228 in
842 2185 992 2240 nobis,
1016 2186 1220 2247 quoniam
1248 2202 1349 2230 cum
1373 2185 1520 2230 adhuc
1542 2202 1704 2248 pecca—

317 2275 338 2296 »
358 2266 469 2299 tores
492 2271 697 2307 essemus,
729 2254 933 2298 Christus
958 2272 1040 2317 pro
1077 2255 1204 2300 nobis
1231 2266 1426 2300 mortuus
1447 2265 1533 2300 est:
1561 2255 1701 2300 multo

318 2346 339 2366 »
358 2325 729 2383 magisjustificati
748 2341 865 2368 nunc
886 2325 929 2369 in
948 2325 1154 2383 sanguine
1187 2325 1323 2387 ipsius
1338 2362 1349 2380 ,
1385 2325 1489 2371 salvi
1521 2325 1700 2382 erimus,

317 2414 339 2436 2>
362 2394 416 2438 ab
440 2393 498 2437 ira
526 2410 603 2454 per
618 2392 808 2454 ipsum1.
832 2414 852 2433 »

383 2462 631 2507 LXXVIII.
664 2464 729 2506 De
752 2462 837 2506 1136
862 2461 924 2506 ira
952 2461 1062 2507 dicit
1089 2479 1099 2506 :
1128 2483 1147 2503 α
1172 2463 1357 2508 Eramus
1378 2474 1420 2508 et
1446 2480 1523 2509 nos
1551 2474 1706 2510 natura

317 2533 436 2577 »filii
463 2533 564 2588 irae,
592 2532 703 2576 sicut
721 2542 764 2576 et
792 2532 992 2578 caeteri2.
1020 2553 1040 2574 »
1068 2533 1133 2577 De
1157 2531 1244 2578 hac
1276 2533 1341 2579 ira
1357 2532 1465 2579 dicit
1493 2534 1704 2582 Jeremias

361 2614 371 2635 ¹
391 2616 486 2646 Rom.
505 2625 534 2650 v,
554 2615 583 2644 8.
601 2632 635 2638 —
660 2612 676 2635 2
693 2612 807 2656 Ephes.
828 2625 870 2656 ιι,
893 2614 924 2645 3.
