1843 3190
301 241 395 289 350
727 254 763 286 s.
805 250 1050 285 aususrmr
1084 249 1291 286 anscori

299 330 415 368 recte
448 318 615 380 agendo
648 335 691 365 se
725 317 889 364 fruitur
918 319 1087 376 bonus,
1122 329 1165 365 et
1187 319 1414 383 peccando
1437 336 1480 366 se
1515 320 1682 383 patitur

299 390 454 438 malus.
495 390 645 436 Cernis
675 405 861 452 nempe,
899 406 1002 435 cum
1027 406 1146 435 arma
1180 400 1255 435 tua
1285 407 1398 436 vana
1427 389 1606 454 quidem
1638 400 1681 436 et

302 462 460 508 obtusa
514 465 731 521 jactanter
776 459 957 506 ventilas
979 497 991 517 ,
1038 461 1261 524 quomodo
1313 478 1401 524 qua
1456 460 1641 506 ferireris
1664 490 1676 517 9

300 531 561 579 nudaveris:
608 532 696 577 imo
731 541 773 576 te
805 530 898 594 ipse
929 532 1203 595 percusseris,
1246 533 1302 577 Et
1337 533 1515 595 insuper
1541 534 1681 590 jactas

302 624 323 645 <‹
345 604 440 649 Mea
462 602 574 648 inter
597 619 640 647 se
659 601 776 647 dicta
795 618 884 647 esse
902 602 1147 656 contraria3
1170 624 1190 644 »
1217 602 1322 666 quia
1342 602 1453 659 dixi,
1476 618 1565 647 non
1585 601 1682 664 qui-

303 673 401 720 dem
427 684 474 719 ut
491 684 538 719 tu
555 672 857 729 calumniaris,
884 693 904 714 (c
927 673 1230 719 Concubitum
1257 689 1494 737 corporum
1526 689 1549 716 a
1581 672 1681 717 dia-

302 744 405 789 bolo
429 743 556 789 fuisse
583 754 804 805 repertum
824 762 835 796 ;
858 764 879 784 »
905 759 1007 788 cum
1042 744 1173 788 etiam
1203 743 1237 788 si
1269 760 1398 788 nemo
1431 752 1678 805 peccasset,

302 829 391 858 non
410 812 492 857 nisi
510 811 828 857 concumbente
846 822 1031 874 utroque
1051 828 1150 857 sexu
1172 811 1251 857 filii
1274 822 1553 858 nascerentur
1576 829 1586 857 ε
1608 810 1683 858 sed

303 882 412 938 dixi,
441 902 461 923 «
481 879 828 926 Inobedientiam
867 882 1033 938 carnis,
1062 898 1164 945 quae
1199 881 1245 927 in
1281 899 1410 928 carne
1444 882 1683 945 concupis-

304 963 426 999 cente
444 951 647 998 adversus
666 951 867 1014 spiritum
893 962 1077 1014 apparet
1093 989 1104 1009 ‚
1133 952 1354 998 diabolico
1377 953 1555 1001 vulnere
1579 970 1683 999 con-

306 1023 460 1084 tigisse.
486 1043 506 1065 >³
533 1023 588 1068 Et
607 1039 777 1079 rursus,
804 1022 907 1086 quia
927 1022 1016 1068 dixi
1034 1041 1044 1068 ε
1075 1044 1096 1065 «
1115 1023 1242 1069 Hanc
1265 1022 1402 1083 legem
1421 1023 1592 1086 peccati
1613 1039 1684 1068 re-

304 1103 571 1158 pugnantem
595 1092 680 1152 legi
704 1094 858 1139 mentis
885 1112 907 1139 a
935 1094 1025 1139 Deo
1048 1094 1216 1140 illatam
1240 1103 1424 1156 propter
1441 1094 1652 1139 ultionem
1667 1130 1679 1148 ‚

305 1175 348 1211 et
368 1164 465 1210 ideo
482 1180 663 1227 poenam
680 1180 767 1209 esse
783 1164 967 1226 peccati.
992 1186 1012 1206 »
1032 1166 1139 1210 Haec
1158 1165 1269 1210 inter
1290 1181 1332 1209 se
1356 1180 1566 1210 asseveras
1597 1179 1684 1209 esse

307 1235 525 1282 contraria
543 1252 554 1280 ι
576 1234 699 1297 quasi
718 1234 809 1279 fieri
830 1251 919 1280 non
940 1235 1077 1298 possit
1095 1247 1143 1281 ut
1163 1252 1299 1281 unum
1318 1245 1447 1299 atque
1463 1234 1578 1281 idem
1595 1250 1685 1280 ma-

307 1306 399 1352 lum
422 1315 465 1350 et
482 1303 651 1350 diaboli
672 1303 902 1366 iniquitate
922 1316 964 1350 et
986 1306 1065 1350 Dei
1090 1307 1295 1369 aequitate
1318 1305 1604 1368 peccantibus
1620 1303 1685 1350 in-

308 1385 506 1435 geratur3
533 1390 633 1419 cum
657 1372 786 1419 etiam
809 1374 902 1437 ipse
920 1374 1122 1420 diabolus
1141 1386 1184 1420 et
1207 1376 1386 1439 propria
1419 1374 1685 1434 malignitate

307 1446 361 1492 sit
383 1445 560 1491 infestus
586 1443 864 1501 hominibus,
880 1456 922 1491 et
942 1445 1018 1491 Dei
1033 1445 1203 1505 judicio
1223 1447 1391 1491 sinatur
1407 1462 1562 1491 nocere
1584 1462 1686 1508 pec-

309 1515 525 1562 cantibus,
559 1514 709 1577 Neque
734 1514 839 1560 hinc
870 1515 953 1561 sibi
984 1516 1077 1579 ipsa
1106 1516 1254 1563 divina
1281 1517 1564 1563 adversantur
1591 1516 1685 1562 elo-

309 1585 411 1649 quia
430 1622 441 1642 ,
476 1584 579 1649 quia
602 1584 815 1646 scriptum
838 1596 928 1630 est:
957 1608 976 1627 «
997 1586 1113 1632 Deus
1146 1598 1330 1633 mortem
1352 1605 1441 1633 non
1471 1586 1635 1640 feeit13
1663 1608 1684 1628 »

307 1656 497 1719 itemque
522 1654 734 1718 scriptum
752 1665 814 1700 est
834 1673 845 1700 z
870 1657 1008 1702 «Vita
1032 1668 1074 1702 et
1094 1674 1208 1703 mors
1231 1675 1254 1703 a
1280 1658 1470 1704 Domino
1490 1658 1629 1704 De0‘2.
1662 1677 1684 1699 «

311 1727 426 1783 Quia
434 1725 641 1788 deceptor
651 1724 841 1771 hominis
854 1742 902 1771 ca
909 1743 982 1772 usa
992 1727 1141 1772 mortis
1153 1738 1213 1773 est
1227 1727 1586 1790 diabolus‚quam
1597 1744 1686 1774 non

310 1808 360 1844 ut
382 1797 553 1861 primus
591 1806 742 1842 auctor
757 1799 866 1855 ejus,
901 1797 975 1843 sed
990 1808 1037 1843 ut
1056 1798 1228 1860 peccati
1251 1797 1366 1844 ultor
1383 1797 1534 1844 intulit
1547 1801 1678 1845 Deus,

310 1868 472 1914 Verum
496 1867 622 1913 istam
651 1865 936 1929 quaestionem
959 1867 1061 1913 satis
1084 1867 1277 1914 dilucide
1296 1868 1388 1931 ipse
1406 1867 1584 1922 solvisti,
1609 1867 1687 1930 qui

309 1938 533 1985 hominem
558 1936 723 1983 malum
736 1936 880 1982 dixisti
892 1937 975 1982 sibi
989 1954 1076 1983 esse
1092 1939 1387 1994 commissum,
1405 1948 1453 1983 ut
1463 1937 1584 2001 quod
1601 1937 1686 1982 sibi

311 2020 373 2056 est
408 2009 500 2072 ipse
527 2005 797 2070 supplicium
814 2043 826 2064 ,
852 2017 892 2052 et
911 2007 1111 2053 divinum
1134 2008 1188 2053 sit
1204 2007 1424 2068 judicium
1444 2044 1454 2064 ,
1473 2018 1516 2053 et
1539 2007 1686 2070 ipsum

312 2081 502 2126 liberum
533 2078 762 2124 arbitrium
781 2097 792 2131 ;
818 2095 898 2124 nec
917 2078 1003 2124 sint
1024 2078 1137 2124 inter
1156 2096 1197 2124 se
1216 2079 1305 2124 duo
1337 2078 1416 2124 ista
1450 2077 1683 2133 contraria,

310 2149 428 2216 quod
450 2150 495 2194 in
513 2166 647 2212 poena
667 2165 740 2194 sua
761 2159 801 2193 et
819 2148 910 2212 ipse
928 2160 1082 2195 auctor
1107 2160 1192 2203 est,
1222 2160 1264 2195 et
1288 2149 1404 2195 ultor
1427 2150 1556 2196 Deus,

375 2220 601 2266 XXXVII.
638 2219 848 2279 ssbuteris
873 2230 1016 2265 autem
1043 2220 1224 2280 ingeniis
1249 2219 1527 2265 tardioribus
1575 2218 1686 2264 Nolo

309 2292 424 2339 enim
447 2290 589 2335 dicere
607 2325 618 2344 ,
643 2289 743 2351 quia
765 2299 807 2334 et
827 2299 874 2335 tu
891 2307 978 2335 non
1003 2290 1227 2349 intelligis,
1263 2301 1312 2335 ut
1348 2307 1435 2335 non
1469 2288 1687 2335 discernas

308 2363 406 2408 haec
424 2359 512 2405 duo
531 2395 542 2414 ‚
569 2369 611 2404 et
633 2358 821 2417 maligna
854 2359 1092 2405 calliditate.
1125 2370 1201 2404 aut
1240 2360 1463 2404 tenebrosa
1491 2359 1687 2404 caecitate

306 2428 545 2479 confundas
560 2465 570 2484 ‚
605 2448 625 2469 α
647 2427 924 2473 Voluntatem
955 2440 996 2474 et
1022 2429 1289 2491 voluptatem
1312 2446 1322 2473 ε
1347 2450 1367 2469 >³
1387 2438 1430 2473 et
1453 2429 1565 2473 sicut
1590 2428 1686 2491 ipsa

305 2501 482 2550 nomina
508 2496 736 2546 surdastris
761 2498 938 2544 auribus
965 2515 1100 2545 unum
1130 2509 1259 2562 atque
1281 2498 1396 2545 idem
1421 2508 1601 2555 sonant,
1625 2498 1685 2544 ita

348 2588 356 2608 ¹
372 2587 444 2628 Sap.
467 2594 496 2622 1,
516 2583 569 2615 13.
585 2599 627 2604 —
641 2579 656 2602 2
673 2580 830 2618 Eccli.x1‚
849 2587 907 2618 14.
