1843 3190
249 236 422 293 con
454 258 681 291 JULIANUM
714 258 1019 301 PELAGIANUM,
1056 262 1143 294 mn.
1184 264 1214 295 1.
1329 249 1416 296 115

54 327 289 374 commissis
325 324 669 386 introductisque
703 325 919 386 peccatis,
956 341 1056 388 quae
1093 343 1167 373 vos
1197 327 1340 374 dicitis
1363 327 1418 375 ad

11 426 15 443 2
51 397 357 452 imitationem,
385 413 472 442 non
498 394 552 440 ad
582 394 870 457 propaginem
893 397 1107 459 pertinere
1125 433 1136 451 ‚
1163 407 1211 442 ut
1236 413 1323 442 non
1346 398 1420 444 illa

4 483 6 491 ⁸
53 478 220 513 tantum
238 505 248 523 ,
265 467 338 513 sed
363 477 403 512 et
418 466 503 511 hoc
517 475 557 509 et
580 465 651 509 illa
677 482 756 527 per
772 466 948 525 gratiam
966 465 1130 512 Christi
1158 466 1276 513 dicat
1291 467 1421 513 inter-

6 530 7 534 *
52 538 156 583 fici?
191 539 345 595 Nonne
382 536 435 582 de
472 535 733 598 baptismate
774 535 971 598 Apostoli
1006 535 1168 593 verba,
1205 537 1283 584 ubi
1319 536 1417 582 ait:

13 615 18 642 ³
53 629 74 650 «
99 608 377 670 Quicumque
395 605 614 669 baptizati
628 621 774 650 sumus
796 606 843 650 in
859 605 1035 651 Christo
1053 643 1063 661 ,
1090 606 1137 651 in
1159 617 1297 652 morte
1309 606 1425 653 illius

8 690 10 736 ᾗ
57 698 78 719 »
102 676 315 739 baptizati
335 674 509 720 sumus1
524 711 534 729 ,
559 696 577 715 »
595 674 655 719 sic
673 675 870 738 exponit,
899 685 948 720 ut
970 674 1090 721 dicat
1111 676 1173 721 ita
1200 693 1296 722 eum
1317 692 1426 739 pec-

57 757 152 792 cato
187 745 322 800 mori,
349 747 428 808 qui
456 745 707 808 baptizatur
742 746 788 790 in
820 745 1026 802 Christo,
1055 746 1168 792 sicut
1204 763 1333 792 carne
1366 756 1428 792 est

55 826 251 861 mortuus
276 815 501 869 Christus3
524 815 625 877 quia
652 815 698 860 in
722 825 859 860 morte
881 815 1046 861 Christi
1074 816 1290 879 baptizari
1319 815 1432 876 nihil

56 897 116 931 cst
142 886 257 931 aliud
275 902 406 949 quam
429 895 609 948 peccato
634 885 774 930 mori?
795 885 880 931 Cui
903 903 1003 946 ergo
1024 895 1206 949 peccato
1223 886 1432 950 parvulus

14 983 16 987 ν
54 956 257 1011 moritur,
292 957 326 1000 si
355 954 561 1014 originale
586 972 671 1000 non
700 954 855 1001 traxit?
891 957 959 1002 An
978 955 1087 1001 forte
1106 973 1195 1002 non
1226 957 1271 1002 in
1296 965 1432 1001 morte

13 1033 25 1119 ³
58 1025 222 1070 Christi
243 1025 416 1087 parvuli
435 1024 745 1086 baptizantur?
764 1042 864 1070 cum
890 1025 1118 1087 Apostolus
1145 1042 1233 1071 non
1251 1024 1430 1081 dixerit,

14 1121 26 1148 t,
57 1093 251 1151 Quidam
268 1131 279 1150 ,
300 1093 372 1139 sed
389 1130 400 1148 ,
423 1114 442 1134 α
465 1094 744 1157 Quicumque
764 1093 978 1156 baptizati
998 1111 1145 1140 sumus
1163 1095 1208 1140 in
1229 1095 1405 1140 Christo
1419 1131 1431 1151 ,

57 1186 78 1207 ›>
101 1165 147 1210 in
170 1175 310 1210 morte
329 1163 466 1227 ipsius
495 1163 709 1227 baptizati
748 1181 910 1211 sumus.
937 1185 958 1207 »
989 1167 1055 1211 An
1083 1163 1260 1227 quando
1283 1164 1437 1227 bapti-

17 1246 21 1278 τ
56 1245 210 1280 zantur
250 1235 514 1297 baptismate
549 1234 817 1290 christiano,
860 1234 1023 1280 dicturi
1068 1235 1165 1281 estis
1197 1233 1317 1298 quod
1349 1250 1437 1278 nou

18 1330 19 1333 ¹
60 1305 341 1367 baptizentur
371 1304 414 1349 in
452 1304 662 1358 Christ03
695 1321 748 1350 ne
780 1321 852 1369 vos
887 1305 1117 1368 episcopus
1145 1309 1330 1350 Joannes
1363 1320 1438 1349 sua

57 1374 309 1420 definitione
334 1375 538 1429 suffocet,
562 1375 638 1438 qui
656 1374 763 1420 dicit
781 1374 870 1420 hoc
885 1393 970 1421 esse
994 1375 1267 1439 baptismum
1287 1374 1344 1421 eis
1362 1371 1439 1437 qui

55 1445 335 1508 baptizantur
370 1447 416 1490 in
447 1445 646 1501 Christo,
693 1445 814 1508 quod
856 1463 961 1492 crux
995 1457 1038 1492 et
1073 1446 1324 1510 sepulcrum
1351 1444 1435 1490 fuit

0 1510 5 1555 i
56 1515 231 1570 Christo
249 1552 258 1570 ‚
284 1526 333 1560 ut
355 1514 727 1578 quemadmodum
752 1515 823 1561 ille
841 1526 1038 1561 mortuus
1053 1526 1115 1560 est
1140 1532 1293 1568 carne,
1316 1514 1376 1559 sic
1395 1523 1437 1558 et

0 1593 25 1626 t
55 1585 160 1630 istos
186 1585 475 1644 intelligamus
494 1595 688 1631 mortuos
710 1602 795 1630 esse
827 1588 1041 1648 peccato?
1073 1587 1186 1630 Ecce
1213 1583 1283 1629 cui
1308 1583 1401 1628 viro
1419 1619 1430 1639 ,

0 1679 6 1686 ·
57 1671 188 1718 quam
205 1671 362 1714 magno
389 1654 639 1701 christianae
659 1654 761 1700 fidei
782 1665 911 1718 atque
927 1656 1060 1715 hujus
1089 1653 1298 1700 catholici
1317 1652 1429 1712 dog-

57 1726 184 1770 matis
221 1724 462 1781 defensori,
504 1725 677 1771 voluisti
723 1735 914 1771 vestrum
953 1725 1111 1785 dogma
1155 1739 1425 1788 supponere,

57 1795 179 1859 quasi
211 1795 385 1850 dixerit,
415 1814 435 1835 κ
466 1796 675 1841 Parvulos
696 1796 827 1859 primi
859 1796 1048 1841 hominis
1067 1812 1156 1840 non
1180 1793 1428 1857 inquinatos

32 1895 36 1898 -
58 1881 144 1910 esse
171 1876 377 1929 peccat03
398 1882 530 1911 »cum
553 1866 730 1922 dixerit,
752 1887 771 1907 α
794 1868 876 1911 Eos
889 1883 976 1911 nou
992 1866 1156 1911 habere
1172 1873 1352 1928 peccata
1374 1881 1384 1907 :
1410 1884 1428 1904 n

0 1957 11 1971 *ι
32 1959 36 1971 =
59 1951 158 1998 quae
190 1952 276 1980 non
308 1952 406 1980 eum
436 1935 617 1996 intelligi
653 1936 733 1981 nisi
755 1937 935 1999 propria
965 1935 1173 1991 voluisse,
1212 1937 1303 1993 ejus
1337 1943 1428 1978 tam

58 2004 197 2050 multa
218 2005 465 2050 testimonia
489 2016 526 2050 ta
536 2023 663 2069 mque
690 2006 909 2051 manifesta
929 2005 1163 2051 declarant.

9 2050 41 2159 l
122 2075 285 2120 XXIX.
318 2075 437 2130 Quid
464 2086 504 2120 te
526 2076 658 2136 igitur
673 2076 856 2137 adjuvit,
878 2076 998 2139 quod
1018 2075 1197 2121 Joannis
1211 2075 1427 2120 Constan-

0 2165 14 2192 tt
36 2142 38 2146 ¹
59 2143 355 2206 tinopolitani,
404 2155 609 2208 tanquam
649 2147 731 2191 tibi
763 2147 1098 2205 suffragaretur,
1135 2144 1429 2190 testimonium

37 2188 272 2276 ιΡοειιίεῖίἓ
298 2212 364 2256 An
379 2224 426 2257 ut
438 2230 573 2259 unum
590 2215 774 2260 verbum
792 2217 913 2277 quasi
931 2215 985 2259 ab
1000 2233 1048 2260 eo
1066 2214 1423 2277 praetermissum,

38 2235 177 2328 lvelut
193 2291 319 2327 acuta
343 2282 578 2328 calliditate
594 2295 805 2346 captares,
828 2295 868 2329 et
885 2295 948 2328 tot
966 2285 1200 2329 verborum
1215 2287 1305 2342 ejus
1323 2282 1426 2344 qui-

40 2333 143 2399 ³bus
160 2352 402 2398 obruereris
414 2364 452 2398 ta
461 2371 499 2398 m
515 2354 726 2414 ingentem
743 2355 823 2399 tibi
849 2372 1040 2414 aggerem
1055 2356 1370 2399 commoveres?
1384 2353 1429 2398 in

42 2398 45 2433 l

0 2440 18 2473 m
61 2433 226 2469 tantum
248 2423 520 2484 improvidus
557 2436 598 2470 et
622 2426 838 2477 incautus,
864 2436 910 2470 ut
936 2442 1014 2470 nec
1039 2425 1082 2470 in
1106 2425 1199 2487 ipsa
1228 2423 1425 2479 homilia,

0 2513 18 2546 [a
43 2507 45 2527 ⁴
62 2493 141 2539 ubi
160 2493 229 2540 vix
249 2509 384 2538 unum
405 2493 458 2539 de
478 2511 565 2557 quo
586 2495 693 2541 male
719 2495 936 2541 intellecto
958 2494 1127 2559 deceptl
1154 2494 1422 2557 deciperetis,

109 2575 119 2599 ¹
138 2579 230 2608 Rom.
249 2585 292 2611 vx,
313 2573 345 2604 3.

0 1459 3 1484 l
