1843 3190
90 310 261 340 CONTRA
298 310 410 340 onas
446 307 679 341 EPISTOLAS
717 308 1087 351 maguntinum,
1127 314 1217 345 Lm.
1259 315 1319 346 1v.
1393 300 1454 348 63

88 384 235 420 ravum
270 374 383 420 diem
414 375 625 437 baptizari
658 374 804 420 liceret
839 375 1076 432 infantem,
1105 377 1204 423 haec
1235 392 1363 424 causa
1394 382 1454 427 sic

11 475 33 491 .=
88 444 228 504 agitur
243 481 253 498 ,
271 456 477 508 tanquan}
500 445 744 507 provisione
765 445 913 491 divina
930 457 1017 491 tam
1036 447 1162 507 longe
1178 448 1343 494 futuros
1362 450 1455 495 hae-

86 515 239 560 reticos
277 515 527 574 Pelagianos
564 518 657 573 jam
699 516 915 561 catholica
956 517 1200 562 confutaret
1243 517 1446 567 Ecclesia.

32 582 33 606 ³
88 585 236 646 Neque
259 585 369 634 enim
389 586 466 648 qui
483 585 758 635 consuluerat
774 585 880 631 inde'
895 586 1157 643 dubitabat,
1186 597 1333 633 utrum
1360 607 1455 634 nas«

30 695 33 714 Ι,
85 665 225 700 centes
249 656 470 700 traherent
503 656 708 715 originale
744 667 973 718 peccatum
993 693 1005 711 ‚
1042 658 1161 721 quod
1191 665 1451 706 renascendo

30 777 32 782 ,
84 725 297 771 diluerent
318 744 327 771 :
350 726 463 771 absit
479 727 592 771 enim
619 736 666 771 ut
697 726 804 772 hinc
836 727 1070 790 aliquando
1088 728 1193 773 fides
1214 729 1452 776 christiana

30 795 31 802 ’
83 794 349 841 dubitaverit
383 813 393 840 ε
429 795 501 840 sed
537 795 608 841 ille
644 795 906 851 dubitabat,
941 807 1089 842 utrum
1122 800 1453 858 regenerationis

30 860 33 922 J
81 864 301 910 lavacrum
322 902 332 920 ‚
349 882 436 927 quo
453 883 539 910 non
564 865 803 911 dubitabat
829 866 1084 912 solvendum
1117 868 1322 927 originale
1347 887 1455 932 pec-

81 945 227 980 catum
242 970 251 988 ‚
281 946 377 980 ante
400 935 513 980 diem
538 935 647 981 tradi
668 936 845 981 deberet
865 948 1083 984 octavum.
1116 938 1183 983 Ad
1203 956 1334 1001 quam
1354 957 1456 984 con-

30 1011 32 1045 l
82 1004 350 1049 sultationem
377 1006 640 1067 respondens
663 1006 935 1052 beatissimus
958 1008 1206 1069 Cyprianus
1229 1026 1239 1052 ε
1269 1029 1288 1049 α
1312 1010 1456 1064 Quan-

29 1086 31 1128 j
81 1085 173 1119 tum
205 1092 328 1127 vero,
362 1075 530 1137 inquit,
568 1075 621 1120 ad
646 1092 819 1120 causam
848 1077 1064 1121 infantum
1095 1078 1309 1139 pertinet,
1344 1097 1453 1142 quos

31 1158 32 1165 ¹
81 1144 251 1191 dixisti.
282 1146 392 1192 intra
426 1144 665 1190 secundum
687 1145 753 1190 vel
788 1146 961 1190 tertium
988 1146 1102 1191 diem
1128 1163 1215 1209 quo
1244 1148 1333 1192 nati
1354 1159 1454 1194 sunt

12 1246 13 1250 =
79 1214 335 1260 constitutos
355 1215 566 1276 baptizari
587 1232 669 1260 non
692 1226 911 1277 oportere,
935 1226 976 1260 et
992 1216 1348 1262 considerandam
1366 1235 1451 1263 esse

29 1274 31 1350 2
79 1284 211 1344 legem
250 1285 592 1330 circumcisionis
629 1286 845 1348 antiquas,
880 1297 927 1331 ut
956 1287 1068 1332 intra
1101 1297 1303 1332 octavum
1338 1288 1453 1333 diem

10 1378 31 1398 ω
79 1371 176 1400 eum
207 1356 281 1419 qui
318 1366 441 1401 natus
476 1367 536 1401 cst
573 1357 889 1419 baptizandum
914 1368 953 1402 et
975 1357 1336 1403 sanctificandum
1365 1375 1451 1404 non

8 1448 11 1457 =
77 1436 276 1487 putares,
312 1425 437 1484 longe
471 1425 588 1471 aliud
616 1427 659 1471 in
684 1427 872 1472 concilio
905 1438 1050 1472 nostro
1079 1428 1284 1473 omnibus
1310 1429 1453 1473 visum

28 1492 30 1538 f
79 1494 180 1540 est1.
213 1497 262 1540 In
284 1496 368 1540 hoc
392 1496 506 1540 enim
529 1496 649 1557 quod
679 1497 866 1558 putabas
897 1514 982 1542 esse
1006 1497 1254 1542 faciendum
1274 1534 1284 1551 ‚
1325 1516 1452 1543 nemo

28 1609 29 1612 ,
78 1566 289 1610 consensit
313 1583 323 1610 ε
357 1565 430 1610 sed
457 1566 640 1611 universi
673 1567 817 1628 potius
846 1567 1142 1626 judicavimus
1168 1567 1276 1612 nulli
1301 1568 1449 1613 homi—

76 1652 182 1680 num
215 1646 315 1681 nato
343 1635 629 1698 misericordis
658 1637 736 1698 Dei
769 1637 950 1695 gratiam
987 1636 1300 1695 denegandam.
1338 1639 1447 1682 Nam

9 1732 12 1739 ι
77 1722 176 1750 cum
208 1706 420 1750 Dominus
453 1705 498 1749 in
534 1700 767 1764 Evangelio
806 1723 883 1751 suo
917 1706 1063 1759 dicat3
1107 1705 1239 1751 Filius
1260 1706 1450 1752 hominis

27 1786 29 1828 ξ
77 1793 164 1821 nou
184 1777 302 1821 venit
321 1776 481 1821 animas
502 1775 683 1838 perdere
699 1813 708 1830 ‚
731 1776 805 1822 sed
825 1777 1010 1822 salvare2
1035 1795 1045 1821 :
1068 1787 1280 1839 quantum
1302 1780 1347 1822 in
1364 1795 1448 1822 no-

27 1842 29 1895 s
77 1846 145 1891 bis
168 1857 255 1902 cst,
283 1846 316 1892 si
340 1846 431 1891 fieri
458 1856 625 1908 potest,
662 1846 782 1891 nulla
812 1847 952 1892 anima
986 1846 1208 1910 perdenda
1240 1857 1314 1892 est.
1341 1870 1359 1888 »
1393 1849 1448 1892 Et

79 1916 208 1978 paulo
245 1928 374 1978 post:
412 1938 431 1956 «
462 1917 550 1961 Nec
587 1915 770 1979 aliquis,
806 1916 975 1980 inquit,
1012 1927 1208 1962 nostrum
1242 1916 1286 1961 id
1319 1916 1448 1963 debet

76 1986 249 2030 horrere
268 2022 278 2040 ,
310 1985 429 2049 quod
471 1986 679 2031 Dominus
710 1986 914 2046 dignatus
945 1998 1007 2032 est
1040 1987 1193 2033 facere.
1229 1987 1340 2032 Nam
1371 1988 1448 2033 etsi

77 2055 222 2100 adhuc
257 2055 395 2101 infans
422 2073 445 2100 a
478 2066 607 2118 partu
641 2073 777 2102 novus
806 2067 867 2102 est
886 2094 896 2111 ,
918 2075 1003 2102 non
1029 2059 1087 2102 ita
1120 2067 1181 2101 est
1203 2067 1370 2113 tamen,
1400 2068 1447 2110 ut

75 2127 302 2189 quisquam
324 2125 447 2176 illum
483 2126 526 2170 in
559 2126 691 2184 gratia
721 2126 866 2172 danda
893 2138 1020 2190 atque
1053 2128 1098 2172 in
1124 2144 1231 2189 pace
1249 2126 1448 2173 facienda

26 2194 27 2245 J
74 2197 252 2241 horrere
269 2196 424 2240 debeat
444 2196 626 2240 osculari
649 2213 658 2240 ε
681 2197 859 2258 quando
886 2198 930 2242 in
951 2197 1097 2242 osculo
1115 2195 1290 2241 infantis
1312 2214 1448 2242 unus-

26 2275 27 2312 }
74 2267 256 2328 quisque
276 2276 470 2310 nostrum
500 2282 580 2328 pro
609 2283 685 2310 sua
713 2266 917 2326 religione
942 2267 1056 2329 ipsas
1090 2266 1235 2311 adhuc
1261 2278 1449 2312 recentes

76 2337 153 2381 Dei
179 2353 327 2381 manus
350 2335 506 2381 debeat
539 2337 753 2395 cogitare,
786 2354 894 2400 quas
918 2337 961 2382 in
994 2337 1169 2382 homine
1196 2337 1324 2382 modo
1353 2338 1446 2383 for-

26 2450 27 2453 ,
75 2418 188 2452 mato
209 2417 250 2452 et
273 2424 416 2452 recens
441 2417 541 2451 nato
559 2407 749 2470 quodam
775 2407 904 2452 modo
922 2407 1245 2462 exosculamur,
1273 2409 1450 2470 quando

73 2477 118 2522 id
149 2476 266 2540 quod
307 2478 420 2522 Deus
448 2476 551 2522 fecit
585 2478 908 2539 amplectimur.
937 2498 956 2520 >2
996 2479 1102 2523 ltem
1133 2477 1266 2540 paulo
1306 2490 1399 2540 post
1433 2496 1443 2523 ι

74 2570 92 2589 (ι
114 2548 332 2596 Caeterum
347 2548 382 2593 si
400 2547 598 2594 homiues
612 2585 623 2604 ‚
648 2548 817 2612 inquit,
841 2547 1054 2612 impedire
1075 2547 1240 2612 aliquid
1263 2548 1318 2599 ad
1337 2566 1445 2601 con.-

124 2630 131 2651 ¹
153 2631 235 2663 Gen.
253 2638 334 2668 xvn,
356 2641 406 2662 ια.
426 2628 499 2654 —2
516 2633 592 2662 Luc.
611 2638 656 2669 lx,
675 2631 731 2662 56.
