1843 3190
324 274 417 334 390
729 292 763 323 s.
807 291 1049 320 Avousrmi
1084 290 1286 322 EPISCOPI
1332 300 1336 306 ·

323 373 347 395 >2
371 364 579 417 peccat03
605 355 746 401 vivere
768 366 909 402 autem
930 357 1021 402 Deo
1046 357 1092 402 in
1113 356 1289 402 Christo
1310 356 1412 403 Jesu
1425 356 1459 405 1.
1483 378 1505 400 ›>
1528 357 1701 413 Quibus

325 424 415 470 hoc
433 424 570 471 dicit?
590 426 855 485 evigilas-ne,
879 438 921 473 et
939 428 1153 474 attendis?
1180 428 1252 473 Eis
1271 427 1420 491 utique
1444 428 1605 491 quibus
1630 428 1702 474 di-

326 495 471 551 cebat,
503 497 549 541 Si
567 507 707 542 autem
726 499 889 543 mortui
908 515 1055 544 sumus
1075 515 1177 544 cum
1200 498 1394 554 Christo,
1427 499 1482 543 Et
1503 499 1578 561 qui
1603 510 1703 544 sunt

323 568 390 623 hi,
408 569 489 614 nisi
505 569 666 631 quibus
675 569 994 627 dixerat,Vetus
1014 572 1148 617 homo
1162 582 1306 617 noster
1323 570 1451 617 simul
1472 572 1703 618 crucifixus

324 649 406 694 est,
419 649 709 685 utevacuetur
725 658 886 704 corpus
897 642 1095 704 peccati?
1109 642 1190 687 nisi
1210 642 1372 705 quibus
1389 641 1705 698 dixe1·at‚Com-

325 708 511 771 plantati
525 727 673 756 sumus
690 711 1018 757 similitudinem
1033 712 1183 757 mortis
1196 716 1310 771 ejus?
1328 712 1407 757 nisi
1422 712 1704 775 quibusdixe-

326 788 423 822 rat:
447 780 703 842 Consepulti
732 798 880 826 sumus
898 798 998 840 ergo
1022 781 1085 826 illi
1117 799 1195 844 per
1222 782 1489 844 baptismum
1512 783 1558 826 in
1584 799 1705 827 mor—

328 851 441 894 tem‘?
459 850 516 894 Et
534 850 620 895 hoc
638 851 817 913 quibus,
836 852 902 897 vel
920 852 974 897 de
992 851 1154 915 quibus
1172 851 1353 907 dixerat,
1375 853 1466 911 lege
1483 852 1706 916 superiora

327 919 476 976 verba,
494 920 656 982 quibus
676 921 775 967 haec
799 933 958 968 cuncta
979 939 1168 968 connexa
1192 933 1309 978 sunt,
1334 923 1583 973 etinvenies
1604 941 1615 968 :
1640 925 1707 968 An

326 990 535 1050 ignoratis
553 992 760 1054 quoniam
783 994 1052 1056 quicumque
1066 993 1277 1056 baptizati
1296 1010 1386 1039 sum
1395 1010 1443 1039 us
1464 993 1510 1038 in
1530 993 1706 1039 Christo

330 1060 451 1110 Jesu,
471 1060 517 1105 in
533 1072 673 1106 morte
693 1061 808 1109 illius
828 1063 1039 1126 baptizati
1068 1066 1249 1109 sumus?
1266 1064 1321 1108 Et
1346 1079 1449 1109 cum
1471 1062 1559 1108 hoc
1584 1062 1706 1109 dice-

330 1141 413 1187 ret,
435 1131 625 1194 probare
643 1133 750 1195 quid
768 1134 934 1179 voluit?
960 1139 1072 1193 Lege
1097 1133 1246 1179 adhuc
1266 1133 1400 1197 paulo
1427 1133 1645 1196 superius,
1667 1144 1709 1178 et

329 1201 546 1249 invenies:
580 1202 625 1247 Si
661 1204 825 1249 mortui
858 1221 1005 1249 sumus
1030 1214 1212 1266 peccato
1231 1240 1242 1259 ‚
1269 1203 1492 1266 quomodo
1512 1203 1709 1249 vivemus

331 1272 378 1317 in
392 1275 474 1317 eo?
511 1274 598 1318 Aut
623 1291 723 1333 ergo
751 1275 968 1334 agnoscite
993 1274 1200 1338 parvulos
1234 1275 1280 1320 in
1302 1274 1566 1337 baptismate
1590 1291 1710 1319 mor-

333 1353 430 1387 tuos
460 1359 546 1388 esse
570 1355 752 1406 peccato
771 1383 781 1401 ,
823 1356 865 1390 et
896 1345 1091 1391 fatemini
1121 1345 1323 1390 habuisse
1347 1345 1417 1390 cui
1441 1355 1710 1390 morerentur

330 1413 538 1472 originale
566 1426 823 1477 peccatum3
864 1427 939 1461 aut
965 1426 1112 1478 aperte
1137 1414 1270 1460 dicite
1292 1432 1380 1460 non
1402 1432 1473 1460 eos
1497 1414 1543 1459 in
1573 1425 1710 1460 morte

329 1483 495 1528 Christi
507 1484 770 1547 baptizatos,
785 1503 886 1532 cum
898 1485 1281 1548 baptizarenturin
1293 1485 1488 1538 Christo;
1507 1495 1549 1529 et
1569 1487 1709 1547 Apos-

326 1553 467 1599 tolum
494 1555 709 1602 mendacii
732 1557 995 1616 redarguite,
1015 1556 1252 1604 dicentem.
1270 1556 1551 1618 Quicumque
1570 1555 1710 1618 bapti-

327 1625 412 1672 zati
428 1641 574 1671 sumus
584 1626 629 1671 in
638 1627 814 1673 Christo
827 1628 849 1672 J
855 1645 945 1680 esu,
963 1628 1008 1672 in
1033 1637 1170 1672 morte
1188 1626 1304 1675 illius
1317 1626 1528 1688 baptizati
1541 1633 1702 1673 sumus.

396 1695 514 1742 XIV.
548 1696 640 1754 Ego
672 1697 770 1742 haec
802 1714 921 1742 arma
945 1696 1162 1751 coelestia‚
1201 1713 1301 1758 quae
1331 1696 1517 1743 vincunt
1535 1695 1710 1746 ‚Coeles-

331 1765 460 1820 tium,
482 1782 572 1810 non
597 1765 771 1813 dimitto
793 1785 803 1812 :
828 1767 898 1813 his
919 1766 1050 1813 fidem
1073 1784 1211 1812 meam
1233 1785 1263 1811 st
1280 1783 1561 1828 rmonemque
1584 1783 1709 1811 com-

333 1836 474 1884 mitto.
518 1837 785 1895 Argumenta
822 1855 922 1900 quae
957 1836 1159 1900 profertis
1178 1874 1188 1891 ‚
1229 1836 1423 1882 humana
1449 1847 1548 1881 sunt
1574 1854 1584 1881 ε
1612 1836 1711 1882 haec

333 1906 603 1954 munimenta
616 1906 763 1953 divina
777 1919 890 1955 sunt.
918 1908 1087 1953 Delicta
1108 1908 1205 1970 quis
1224 1907 1456 1966 intelligit?
1483 1906 1711 1970 Numquid

333 1977 432 2022 ideo
455 1975 614 2022 delicta
636 1994 724 2023 non
751 1979 914 2024 sunt2‘9
946 1979 1013 2023 Ita
1042 1989 1084 2023 et
1117 1977 1324 2036 originale
1353 1976 1562 2023 delictum
1589 1976 1710 2039 quod

335 2048 380 2094 in
402 2057 582 2110 parente
597 2059 847 2107 regenerato
877 2049 1131 2103 remittitur,
1154 2058 1194 2092 et
1215 2057 1355 2092 tamen
1380 2046 1534 2092 transit
1550 2047 1595 2091 in
1609 2063 1710 2109 pro-

333 2117 436 2173 lem,
466 2127 508 2162 et
530 2128 675 2162 manet
702 2119 783 2164 nisi
805 2130 847 2166 et
873 2119 970 2182 ipsa
995 2129 1267 2178 regeneretur
1290 2153 1300 2172 ‚
1338 2117 1435 2180 quis
1471 2116 1709 2176 intelligit?

336 2185 564 2249 “Numquid
602 2187 701 2233 ideo
743 2206 829 2234 non
864 2200 926 2234 est
964 2188 1209 2234 delictum?
1236 2189 1356 2234 Unus
1390 2205 1472 2250 pro
1506 2184 1711 2236 omnibus

335 2268 532 2304 mortuus
552 2268 643 2312 est,
664 2276 765 2319 ergo
800 2277 948 2307 omnes
972 2260 1135 2309 mortui
1163 2271 1277 2306 sunt.
1300 2260 1400 2316 Quo
1425 2257 1556 2303 corde
1576 2293 1588 2313 ‚
1619 2274 1708 2319 quo

335 2345 433 2381 ore,
456 2345 544 2391 qua
566 2328 707 2375 fronte
732 2331 938 2394 parvulos
971 2342 1164 2376 mortuos
1197 2332 1363 2390 negatis
1384 2367 1394 2385 ,
1428 2345 1508 2392 pro
1547 2328 1709 2391 quibus

333 2398 558 2445 Christum
581 2411 803 2447 mortuum
823 2419 912 2447 non
936 2402 1130 2461 negatis?
1147 2401 1193 2446 Si
1210 2417 1299 2445 non
1319 2411 1382 2446 est
1397 2417 1478 2463 pro
1489 2398 1547 2446 eis
1561 2398 1710 2447 Chris-

331 2481 400 2515 tus
438 2479 633 2515 mortuus
652 2506 662 2526 ‚
702 2482 750 2518 ut
783 2471 893 2535 quid
931 2471 1240 2534 baptizantur?
1278 2470 1557 2533 Quicumque
1591 2470 1707 2516 enim

323 2540 699 2604 baptizatisumus
720 2541 767 2587 in
785 2536 962 2588 Christo
979 2542 1004 2586 J
1008 2558 1098 2598 esu,
1120 2541 1166 2587 in
1186 2550 1324 2591 morte
1345 2540 1464 2592 illius
1482 2539 1699 2603 baptizati

377 2626 387 2657 ἔ
405 2628 499 2659 Rom.
522 2635 564 2666 vi,
585 2637 615 2663 7,
633 2631 664 2656 et
680 2636 771 2668 seqq.
787 2643 833 2653 -—
846 2623 862 2646 ²
878 2625 961 2663 Psal.
983 2634 1052 2663 xvi,
1072 2626 1127 2657 13.
