<?xml version="1.0" encoding="UTF-8"?>
<!DOCTYPE html PUBLIC "-//W3C//DTD XHTML 1.0 Transitional//EN"
    "http://www.w3.org/TR/xhtml1/DTD/xhtml1-transitional.dtd">
<html xmlns="http://www.w3.org/1999/xhtml" xml:lang="en" lang="en">
 <head>
  <title>
</title>
<meta http-equiv="Content-Type" content="text/html;charset=utf-8" />
  <meta name='ocr-system' content='tesseract 3.04.00' />
  <meta name='ocr-capabilities' content='ocr_page ocr_carea ocr_par ocr_line ocrx_word'/>
</head>
<body>
  <div class='ocr_page' id='page_1' title='image "./operaomniaaccura35auguuoft/operaomniaaccura35auguuoft_0109.png"; bbox 0 0 1843 3190; ppageno 0'>
   <div class='ocr_carea' id='block_1_1' title="bbox 0 998 105 3190">
    <p class='ocr_par' dir='ltr' id='par_1_1' title="bbox 0 998 105 3190">
     <span class='ocr_line' id='line_1_1' title="bbox 0 998 105 3190; baseline 0 0"><span class='ocrx_word' id='word_1_1' title='bbox 0 998 105 3190; x_wconf 95' lang='lat' dir='ltr'> </span> 
     </span>
    </p>
   </div>
   <div class='ocr_carea' id='block_1_2' title="bbox 274 335 1456 391">
    <p class='ocr_par' dir='ltr' id='par_1_2' title="bbox 274 335 1456 391">
     <span class='ocr_line' id='line_1_2' title="bbox 274 335 1456 391; baseline 0 -19"><span class='ocrx_word' id='word_1_2' title='bbox 274 340 449 372; x_wconf 78' lang='lat' dir='ltr'>CONTRA</span> <span class='ocrx_word' id='word_1_3' title='bbox 481 336 709 374; x_wconf 67' lang='lat' dir='ltr'><strong>‚IULIANUM</strong></span> <span class='ocrx_word' id='word_1_4' title='bbox 744 335 1050 380; x_wconf 78' lang='lat' dir='ltr'>PELAGIANUM,</span> <span class='ocrx_word' id='word_1_5' title='bbox 1088 340 1176 372; x_wconf 86' lang='lat' dir='ltr'><strong>LIB.</strong></span> <span class='ocrx_word' id='word_1_6' title='bbox 1226 342 1256 372; x_wconf 82' lang='grc' dir='ltr'>Ι.</span> <span class='ocrx_word' id='word_1_7' title='bbox 1395 345 1456 391; x_wconf 76' lang='lat'>99</span> 
     </span>
    </p>
   </div>
   <div class='ocr_carea' id='block_1_3' title="bbox 90 403 1487 2708">
    <p class='ocr_par' dir='ltr' id='par_1_3' title="bbox 90 403 1461 601">
     <span class='ocr_line' id='line_1_3' title="bbox 90 403 1459 469; baseline 0.004 -17"><span class='ocrx_word' id='word_1_8' title='bbox 90 422 239 469; x_wconf 86' lang='lat' dir='ltr'>sapere</span> <span class='ocrx_word' id='word_1_9' title='bbox 253 407 321 454; x_wconf 89' lang='lat' dir='ltr'>vel</span> <span class='ocrx_word' id='word_1_10' title='bbox 339 410 482 467; x_wconf 81' lang='lat' dir='ltr'>jacere</span> <span class='ocrx_word' id='word_1_11' title='bbox 510 420 676 450; x_wconf 82' lang='lat' dir='ltr'>venena</span> <span class='ocrx_word' id='word_1_12' title='bbox 708 403 906 450; x_wconf 84' lang='lat' dir='ltr'>dicturus</span> <span class='ocrx_word' id='word_1_13' title='bbox 925 407 1001 451; x_wconf 67' lang='lat' dir='ltr'>es?</span> <span class='ocrx_word' id='word_1_14' title='bbox 1035 405 1172 452; x_wconf 90' lang='lat' dir='ltr'>Audis</span> <span class='ocrx_word' id='word_1_15' title='bbox 1205 423 1352 455; x_wconf 88' lang='lat' dir='ltr'>omnes</span> <span class='ocrx_word' id='word_1_16' title='bbox 1372 427 1459 458; x_wconf 91' lang='lat' dir='ltr'>uno</span> 
     </span>
     <span class='ocr_line' id='line_1_4' title="bbox 90 473 1461 537; baseline 0.002 -15"><span class='ocrx_word' id='word_1_17' title='bbox 90 476 239 533; x_wconf 82' lang='lat' dir='ltr'>corde,</span> <span class='ocrx_word' id='word_1_18' title='bbox 260 493 438 532; x_wconf 78' lang='lat' dir='ltr'>unoore,</span> <span class='ocrx_word' id='word_1_19' title='bbox 466 492 551 527; x_wconf 87' lang='lat' dir='ltr'>una</span> <span class='ocrx_word' id='word_1_20' title='bbox 581 474 666 520; x_wconf 91' lang='lat' dir='ltr'>fide</span> <span class='ocrx_word' id='word_1_21' title='bbox 688 473 881 537; x_wconf 88' lang='lat' dir='ltr'>idipsum</span> <span class='ocrx_word' id='word_1_22' title='bbox 901 485 945 520; x_wconf 90' lang='lat' dir='ltr'>et</span> <span class='ocrx_word' id='word_1_23' title='bbox 961 474 1118 530; x_wconf 86' lang='lat' dir='ltr'><strong>dicere,</strong></span> <span class='ocrx_word' id='word_1_24' title='bbox 1142 475 1260 522; x_wconf 88' lang='lat' dir='ltr'>hanc</span> <span class='ocrx_word' id='word_1_25' title='bbox 1281 495 1367 524; x_wconf 88' lang='lat' dir='ltr'>esse</span> <span class='ocrx_word' id='word_1_26' title='bbox 1383 498 1461 526; x_wconf 88' lang='lat' dir='ltr'>ca-</span> 
     </span>
     <span class='ocr_line' id='line_1_5' title="bbox 91 544 1451 601; baseline 0.004 -10"><span class='ocrx_word' id='word_1_27' title='bbox 91 544 300 601; x_wconf 88' lang='lat' dir='ltr'>tholicam</span> <span class='ocrx_word' id='word_1_28' title='bbox 319 546 449 592; x_wconf 88' lang='lat' dir='ltr'>fidem</span> <span class='ocrx_word' id='word_1_29' title='bbox 496 561 584 590; x_wconf 89' lang='lat' dir='ltr'>non</span> <span class='ocrx_word' id='word_1_30' title='bbox 611 544 856 590; x_wconf 81' lang='lat' dir='ltr'>dissonante</span> <span class='ocrx_word' id='word_1_31' title='bbox 888 546 1196 592; x_wconf 80' lang='lat' dir='ltr'>contestatione</span> <span class='ocrx_word' id='word_1_32' title='bbox 1220 548 1451 598; x_wconf 82' lang='lat' dir='ltr'>firmatam.</span> 
     </span>
    </p>

    <p class='ocr_par' dir='ltr' id='par_1_4' title="bbox 91 614 1487 2708">
     <span class='ocr_line' id='line_1_6' title="bbox 155 614 1459 682; baseline 0.004 -21"><span class='ocrx_word' id='word_1_33' title='bbox 155 617 274 663; x_wconf 90' lang='lat' dir='ltr'><strong>XVI.</strong></span> <span class='ocrx_word' id='word_1_34' title='bbox 317 618 385 662; x_wconf 90' lang='lat' dir='ltr'>An</span> <span class='ocrx_word' id='word_1_35' title='bbox 416 615 496 661; x_wconf 87' lang='lat' dir='ltr'>tibi</span> <span class='ocrx_word' id='word_1_36' title='bbox 529 631 663 677; x_wconf 85' lang='lat' dir='ltr'>parva</span> <span class='ocrx_word' id='word_1_37' title='bbox 696 614 740 659; x_wconf 91' lang='lat' dir='ltr'>in</span> <span class='ocrx_word' id='word_1_38' title='bbox 780 631 868 660; x_wconf 90' lang='lat' dir='ltr'>uno</span> <span class='ocrx_word' id='word_1_39' title='bbox 904 617 1113 675; x_wconf 79' lang='lat' dir='ltr'>Gregorio</span> <span class='ocrx_word' id='word_1_40' title='bbox 1150 618 1459 682; x_wconf 86' lang='lat' dir='ltr'>episcoporum</span> 
     </span>
     <span class='ocr_line' id='line_1_7' title="bbox 91 685 1456 750; baseline 0.003 -20"><span class='ocrx_word' id='word_1_41' title='bbox 91 686 360 732; x_wconf 82' lang='lat' dir='ltr'>orientalium</span> <span class='ocrx_word' id='word_1_42' title='bbox 377 686 546 737; x_wconf 85' lang='lat' dir='ltr'>videtur</span> <span class='ocrx_word' id='word_1_43' title='bbox 561 685 820 730; x_wconf 67' lang='lat' dir='ltr'>auctoritas?</span> <span class='ocrx_word' id='word_1_44' title='bbox 841 687 915 730; x_wconf 87' lang='lat' dir='ltr'>Est</span> <span class='ocrx_word' id='word_1_45' title='bbox 928 686 1105 748; x_wconf 87' lang='lat' dir='ltr'>quidem</span> <span class='ocrx_word' id='word_1_46' title='bbox 1126 697 1244 732; x_wconf 87' lang='lat' dir='ltr'>tanta</span> <span class='ocrx_word' id='word_1_47' title='bbox 1256 706 1456 750; x_wconf 80' lang='lat' dir='ltr'>persona,</span> 
     </span>
     <span class='ocr_line' id='line_1_8' title="bbox 93 754 1462 819; baseline 0.003 -19"><span class='ocrx_word' id='word_1_48' title='bbox 93 766 141 800; x_wconf 86' lang='lat' dir='ltr'>ut</span> <span class='ocrx_word' id='word_1_49' title='bbox 162 773 300 819; x_wconf 92' lang='lat' dir='ltr'>neque</span> <span class='ocrx_word' id='word_1_50' title='bbox 332 756 404 801; x_wconf 91' lang='lat' dir='ltr'>ille</span> <span class='ocrx_word' id='word_1_51' title='bbox 425 756 512 801; x_wconf 89' lang='lat' dir='ltr'>hoc</span> <span class='ocrx_word' id='word_1_52' title='bbox 534 754 615 800; x_wconf 86' lang='lat' dir='ltr'>nisi</span> <span class='ocrx_word' id='word_1_53' title='bbox 643 771 690 799; x_wconf 82' lang='lat' dir='ltr'>ex</span> <span class='ocrx_word' id='word_1_54' title='bbox 724 754 809 799; x_wconf 83' lang='lat' dir='ltr'>fide</span> <span class='ocrx_word' id='word_1_55' title='bbox 837 755 1074 800; x_wconf 85' lang='lat' dir='ltr'>christiana</span> <span class='ocrx_word' id='word_1_56' title='bbox 1097 758 1300 803; x_wconf 91' lang='lat' dir='ltr'>omnibus</span> <span class='ocrx_word' id='word_1_57' title='bbox 1321 760 1462 805; x_wconf 84' lang='lat' dir='ltr'>notis-</span> 
     </span>
     <span class='ocr_line' id='line_1_9' title="bbox 91 825 1462 894; baseline 0.003 -22"><span class='ocrx_word' id='word_1_58' title='bbox 91 827 198 872; x_wconf 87' lang='lat' dir='ltr'>sima</span> <span class='ocrx_word' id='word_1_59' title='bbox 218 827 407 883; x_wconf 82' lang='lat' dir='ltr'>diceret,</span> <span class='ocrx_word' id='word_1_60' title='bbox 438 843 517 872; x_wconf 89' lang='lat' dir='ltr'>nec</span> <span class='ocrx_word' id='word_1_61' title='bbox 547 825 611 872; x_wconf 89' lang='lat' dir='ltr'>illi</span> <span class='ocrx_word' id='word_1_62' title='bbox 641 842 739 871; x_wconf 90' lang='lat' dir='ltr'>eum</span> <span class='ocrx_word' id='word_1_63' title='bbox 765 836 855 871; x_wconf 84' lang='lat' dir='ltr'>tam</span> <span class='ocrx_word' id='word_1_64' title='bbox 887 826 1055 872; x_wconf 87' lang='lat' dir='ltr'>clarum</span> <span class='ocrx_word' id='word_1_65' title='bbox 1080 827 1293 874; x_wconf 86' lang='lat' dir='ltr'>haberent</span> <span class='ocrx_word' id='word_1_66' title='bbox 1333 840 1462 894; x_wconf 88' lang='lat' dir='ltr'>atque</span> 
     </span>
     <span class='ocr_line' id='line_1_10' title="bbox 93 896 1464 958; baseline 0.002 -15"><span class='ocrx_word' id='word_1_67' title='bbox 93 897 388 943; x_wconf 85' lang='lat' dir='ltr'>venerandum</span> <span class='ocrx_word' id='word_1_68' title='bbox 410 934 420 953; x_wconf 83' lang='lat'>‚</span> <span class='ocrx_word' id='word_1_69' title='bbox 444 897 525 943; x_wconf 90' lang='lat' dir='ltr'>nisi</span> <span class='ocrx_word' id='word_1_70' title='bbox 542 898 641 942; x_wconf 77' lang='lat' dir='ltr'>llaeC</span> <span class='ocrx_word' id='word_1_71' title='bbox 667 897 722 941; x_wconf 90' lang='lat' dir='ltr'>ab</span> <span class='ocrx_word' id='word_1_72' title='bbox 743 897 819 943; x_wconf 92' lang='lat' dir='ltr'>illo</span> <span class='ocrx_word' id='word_1_73' title='bbox 845 896 962 943; x_wconf 86' lang='lat' dir='ltr'>dicta</span> <span class='ocrx_word' id='word_1_74' title='bbox 983 915 1030 943; x_wconf 85' lang='lat' dir='ltr'>ex</span> <span class='ocrx_word' id='word_1_75' title='bbox 1055 899 1201 958; x_wconf 83' lang='lat' dir='ltr'>regula</span> <span class='ocrx_word' id='word_1_76' title='bbox 1229 901 1464 947; x_wconf 84' lang='lat' dir='ltr'>notissiniae</span> 
     </span>
     <span class='ocr_line' id='line_1_11' title="bbox 94 966 1465 1027; baseline 0.002 -14"><span class='ocrx_word' id='word_1_77' title='bbox 94 968 284 1014; x_wconf 85' lang='lat' dir='ltr'>Veritatis</span> <span class='ocrx_word' id='word_1_78' title='bbox 301 977 593 1027; x_wconf 83' lang='lat' dir='ltr'>agnoscerent.</span> <span class='ocrx_word' id='word_1_79' title='bbox 621 966 705 1011; x_wconf 85' lang='lat' dir='ltr'>Sed</span> <span class='ocrx_word' id='word_1_80' title='bbox 724 966 757 1011; x_wconf 87' lang='lat' dir='ltr'>si</span> <span class='ocrx_word' id='word_1_81' title='bbox 777 966 840 1011; x_wconf 84' lang='lat' dir='ltr'>vis</span> <span class='ocrx_word' id='word_1_82' title='bbox 858 967 1060 1013; x_wconf 87' lang='lat' dir='ltr'>addimus</span> <span class='ocrx_word' id='word_1_83' title='bbox 1077 969 1182 1014; x_wconf 89' lang='lat' dir='ltr'>huic</span> <span class='ocrx_word' id='word_1_84' title='bbox 1208 980 1250 1014; x_wconf 91' lang='lat' dir='ltr'>et</span> <span class='ocrx_word' id='word_1_85' title='bbox 1266 982 1465 1016; x_wconf 86' lang='lat' dir='ltr'>sanctum</span> 
     </span>
     <span class='ocr_line' id='line_1_12' title="bbox 94 1035 1467 1102; baseline 0.002 -20"><span class='ocrx_word' id='word_1_86' title='bbox 94 1037 303 1082; x_wconf 80' lang='lat' dir='ltr'>Basiliam</span> <span class='ocrx_word' id='word_1_87' title='bbox 318 1074 329 1092; x_wconf 83' lang='lat'>,</span> <span class='ocrx_word' id='word_1_88' title='bbox 356 1038 445 1082; x_wconf 91' lang='lat' dir='ltr'>imo</span> <span class='ocrx_word' id='word_1_89' title='bbox 469 1036 573 1083; x_wconf 74' lang='lat' dir='ltr'>velis</span> <span class='ocrx_word' id='word_1_90' title='bbox 602 1035 711 1080; x_wconf 90' lang='lat' dir='ltr'>nolis</span> <span class='ocrx_word' id='word_1_91' title='bbox 730 1036 955 1082; x_wconf 88' lang='lat' dir='ltr'>addendus</span> <span class='ocrx_word' id='word_1_92' title='bbox 973 1048 1034 1082; x_wconf 90' lang='lat' dir='ltr'>est</span> <span class='ocrx_word' id='word_1_93' title='bbox 1052 1074 1063 1092; x_wconf 82' lang='grc'><em>,</em></span> <span class='ocrx_word' id='word_1_94' title='bbox 1096 1039 1277 1084; x_wconf 84' lang='lat' dir='ltr'>maxime</span> <span class='ocrx_word' id='word_1_95' title='bbox 1301 1041 1403 1102; x_wconf 90' lang='lat' dir='ltr'>quia</span> <span class='ocrx_word' id='word_1_96' title='bbox 1427 1051 1467 1085; x_wconf 91' lang='lat' dir='ltr'>et</span> 
     </span>
     <span class='ocr_line' id='line_1_13' title="bbox 96 1105 1467 1167; baseline 0.001 -14"><span class='ocrx_word' id='word_1_97' title='bbox 96 1118 144 1153; x_wconf 87' lang='lat' dir='ltr'>tu</span> <span class='ocrx_word' id='word_1_98' title='bbox 164 1107 217 1152; x_wconf 90' lang='lat' dir='ltr'>de</span> <span class='ocrx_word' id='word_1_99' title='bbox 239 1107 353 1152; x_wconf 89' lang='lat' dir='ltr'>libro</span> <span class='ocrx_word' id='word_1_100' title='bbox 376 1110 490 1166; x_wconf 75' lang='lat' dir='ltr'>ejus,</span> <span class='ocrx_word' id='word_1_101' title='bbox 516 1121 646 1167; x_wconf 87' lang='lat' dir='ltr'>quem</span> <span class='ocrx_word' id='word_1_102' title='bbox 664 1105 837 1167; x_wconf 85' lang='lat' dir='ltr'>scripsit</span> <span class='ocrx_word' id='word_1_103' title='bbox 864 1106 1068 1151; x_wconf 88' lang='lat' dir='ltr'>adversus</span> <span class='ocrx_word' id='word_1_104' title='bbox 1101 1108 1368 1154; x_wconf 82' lang='lat' dir='ltr'>Manichaeos</span> <span class='ocrx_word' id='word_1_105' title='bbox 1384 1146 1395 1165; x_wconf 84' lang='lat'>‚</span> <span class='ocrx_word' id='word_1_106' title='bbox 1421 1110 1467 1154; x_wconf 91' lang='lat' dir='ltr'>in</span> 
     </span>
     <span class='ocr_line' id='line_1_14' title="bbox 96 1175 1470 1241; baseline 0.001 -19"><span class='ocrx_word' id='word_1_107' title='bbox 96 1186 251 1241; x_wconf 87' lang='lat' dir='ltr'>quarto</span> <span class='ocrx_word' id='word_1_108' title='bbox 290 1175 509 1221; x_wconf 88' lang='lat' dir='ltr'>volumine</span> <span class='ocrx_word' id='word_1_109' title='bbox 546 1175 679 1233; x_wconf 86' lang='lat' dir='ltr'>hujus</span> <span class='ocrx_word' id='word_1_110' title='bbox 716 1175 858 1237; x_wconf 86' lang='lat' dir='ltr'>operis</span> <span class='ocrx_word' id='word_1_111' title='bbox 892 1176 956 1221; x_wconf 91' lang='lat' dir='ltr'>tui</span> <span class='ocrx_word' id='word_1_112' title='bbox 986 1175 1150 1238; x_wconf 89' lang='lat' dir='ltr'>aliquid</span> <span class='ocrx_word' id='word_1_113' title='bbox 1183 1179 1347 1239; x_wconf 85' lang='lat' dir='ltr'>putasti</span> <span class='ocrx_word' id='word_1_114' title='bbox 1384 1195 1470 1223; x_wconf 80' lang='lat' dir='ltr'>esse</span> 
     </span>
     <span class='ocr_line' id='line_1_15' title="bbox 97 1245 1471 1310; baseline 0.001 -18"><span class='ocrx_word' id='word_1_115' title='bbox 97 1246 349 1310; x_wconf 88' lang='lat' dir='ltr'>ponendum</span> <span class='ocrx_word' id='word_1_116' title='bbox 367 1283 378 1302; x_wconf 85' lang='lat'>‚</span> <span class='ocrx_word' id='word_1_117' title='bbox 401 1245 523 1309; x_wconf 91' lang='lat' dir='ltr'>quod</span> <span class='ocrx_word' id='word_1_118' title='bbox 547 1245 601 1290; x_wconf 89' lang='lat' dir='ltr'>ad</span> <span class='ocrx_word' id='word_1_119' title='bbox 622 1262 797 1290; x_wconf 86' lang='lat' dir='ltr'>causam</span> <span class='ocrx_word' id='word_1_120' title='bbox 815 1247 983 1308; x_wconf 87' lang='lat' dir='ltr'>peccati</span> <span class='ocrx_word' id='word_1_121' title='bbox 1000 1246 1219 1305; x_wconf 86' lang='lat' dir='ltr'>originalis</span> <span class='ocrx_word' id='word_1_122' title='bbox 1239 1265 1316 1310; x_wconf 87' lang='lat' dir='ltr'>per</span> <span class='ocrx_word' id='word_1_123' title='bbox 1336 1265 1471 1293; x_wconf 89' lang='lat' dir='ltr'>unum</span> 
     </span>
     <span class='ocr_line' id='line_1_16' title="bbox 97 1315 1475 1378; baseline 0.001 -15"><span class='ocrx_word' id='word_1_124' title='bbox 97 1317 298 1363; x_wconf 88' lang='lat' dir='ltr'>intrantis</span> <span class='ocrx_word' id='word_1_125' title='bbox 320 1316 365 1361; x_wconf 89' lang='lat' dir='ltr'>in</span> <span class='ocrx_word' id='word_1_126' title='bbox 383 1315 621 1372; x_wconf 82' lang='lat' dir='ltr'>mundum,</span> <span class='ocrx_word' id='word_1_127' title='bbox 647 1326 690 1361; x_wconf 82' lang='lat' dir='ltr'>et</span> <span class='ocrx_word' id='word_1_128' title='bbox 718 1333 797 1378; x_wconf 87' lang='lat' dir='ltr'>per</span> <span class='ocrx_word' id='word_1_129' title='bbox 821 1333 967 1362; x_wconf 86' lang='lat' dir='ltr'>omnes</span> <span class='ocrx_word' id='word_1_130' title='bbox 993 1316 1191 1362; x_wconf 87' lang='lat' dir='ltr'>homines</span> <span class='ocrx_word' id='word_1_131' title='bbox 1218 1319 1475 1364; x_wconf 82' lang='lat' dir='ltr'>transeuntis</span> 
     </span>
     <span class='ocr_line' id='line_1_17' title="bbox 100 1387 1474 1450; baseline 0.001 -18"><span class='ocrx_word' id='word_1_132' title='bbox 100 1388 278 1432; x_wconf 89' lang='lat' dir='ltr'>omnino</span> <span class='ocrx_word' id='word_1_133' title='bbox 303 1404 391 1432; x_wconf 88' lang='lat' dir='ltr'>non</span> <span class='ocrx_word' id='word_1_134' title='bbox 414 1387 613 1449; x_wconf 82' lang='lat' dir='ltr'>pertinet.</span> <span class='ocrx_word' id='word_1_135' title='bbox 650 1387 721 1431; x_wconf 85' lang='lat' dir='ltr'>lbi</span> <span class='ocrx_word' id='word_1_136' title='bbox 745 1387 913 1450; x_wconf 88' lang='lat' dir='ltr'>quippe</span> <span class='ocrx_word' id='word_1_137' title='bbox 941 1387 1056 1446; x_wconf 82' lang='lat' dir='ltr'>agit,</span> <span class='ocrx_word' id='word_1_138' title='bbox 1093 1404 1145 1432; x_wconf 93' lang='lat' dir='ltr'>ne</span> <span class='ocrx_word' id='word_1_139' title='bbox 1171 1388 1334 1433; x_wconf 89' lang='lat' dir='ltr'>malum</span> <span class='ocrx_word' id='word_1_140' title='bbox 1364 1390 1474 1434; x_wconf 85' lang='lat' dir='ltr'>sub-</span> 
     </span>
     <span class='ocr_line' id='line_1_18' title="bbox 100 1457 1470 1519; baseline 0 -16"><span class='ocrx_word' id='word_1_141' title='bbox 100 1457 296 1503; x_wconf 85' lang='lat' dir='ltr'>stantiale</span> <span class='ocrx_word' id='word_1_142' title='bbox 319 1457 547 1513; x_wconf 78' lang='lat' dir='ltr'>credatur,</span> <span class='ocrx_word' id='word_1_143' title='bbox 587 1457 752 1501; x_wconf 89' lang='lat' dir='ltr'>habens</span> <span class='ocrx_word' id='word_1_144' title='bbox 793 1474 914 1502; x_wconf 89' lang='lat' dir='ltr'>suam</span> <span class='ocrx_word' id='word_1_145' title='bbox 948 1457 1185 1519; x_wconf 89' lang='lat' dir='ltr'>quamdam</span> <span class='ocrx_word' id='word_1_146' title='bbox 1222 1460 1470 1514; x_wconf 79' lang='lat' dir='ltr'>materiam,</span> 
     </span>
     <span class='ocr_line' id='line_1_19' title="bbox 102 1527 1472 1589; baseline 0.001 -17"><span class='ocrx_word' id='word_1_147' title='bbox 102 1527 213 1573; x_wconf 86' lang='lat' dir='ltr'>sicut</span> <span class='ocrx_word' id='word_1_148' title='bbox 229 1528 402 1589; x_wconf 85' lang='lat' dir='ltr'>sapiunt</span> <span class='ocrx_word' id='word_1_149' title='bbox 426 1527 674 1572; x_wconf 80' lang='lat' dir='ltr'>Maniehaei.</span> <span class='ocrx_word' id='word_1_150' title='bbox 707 1548 725 1567; x_wconf 79' lang='grc' dir='ltr'>κ</span> <span class='ocrx_word' id='word_1_151' title='bbox 745 1527 866 1572; x_wconf 83' lang='lat' dir='ltr'>Dicit</span> <span class='ocrx_word' id='word_1_152' title='bbox 889 1544 989 1586; x_wconf 79' lang='lat' dir='ltr'>ergo</span> <span class='ocrx_word' id='word_1_153' title='bbox 1007 1564 1017 1582; x_wconf 82' lang='lat'>‚</span> <span class='ocrx_word' id='word_1_154' title='bbox 1048 1545 1136 1572; x_wconf 90' lang='lat' dir='ltr'>non</span> <span class='ocrx_word' id='word_1_155' title='bbox 1161 1545 1248 1573; x_wconf 92' lang='lat' dir='ltr'>esse</span> <span class='ocrx_word' id='word_1_156' title='bbox 1267 1529 1472 1574; x_wconf 84' lang='lat' dir='ltr'>substan-</span> 
     </span>
     <span class='ocr_line' id='line_1_20' title="bbox 104 1596 1478 1658; baseline 0.001 -17"><span class='ocrx_word' id='word_1_157' title='bbox 104 1597 204 1642; x_wconf 87' lang='lat' dir='ltr'>tiam</span> <span class='ocrx_word' id='word_1_158' title='bbox 221 1633 230 1652; x_wconf 84' lang='lat'><strong><em>‚</em></strong></span> <span class='ocrx_word' id='word_1_159' title='bbox 251 1596 323 1641; x_wconf 87' lang='lat' dir='ltr'>sed</span> <span class='ocrx_word' id='word_1_160' title='bbox 343 1597 712 1641; x_wconf 84' lang='lat' dir='ltr'>conversationem</span> <span class='ocrx_word' id='word_1_161' title='bbox 732 1633 742 1651; x_wconf 90' lang='lat'><strong><em>‚</em></strong></span> <span class='ocrx_word' id='word_1_162' title='bbox 768 1613 868 1658; x_wconf 86' lang='lat' dir='ltr'>quae</span> <span class='ocrx_word' id='word_1_163' title='bbox 887 1596 939 1642; x_wconf 92' lang='lat' dir='ltr'>de</span> <span class='ocrx_word' id='word_1_164' title='bbox 959 1596 1048 1641; x_wconf 82' lang='lat' dir='ltr'>sola</span> <span class='ocrx_word' id='word_1_165' title='bbox 1068 1597 1289 1642; x_wconf 84' lang='lat' dir='ltr'>voluntate</span> <span class='ocrx_word' id='word_1_166' title='bbox 1309 1600 1478 1644; x_wconf 85' lang='lat' dir='ltr'>contin-</span> 
     </span>
     <span class='ocr_line' id='line_1_21' title="bbox 103 1665 1476 1730; baseline 0.002 -20"><span class='ocrx_word' id='word_1_167' title='bbox 103 1676 203 1726; x_wconf 83' lang='lat' dir='ltr'>gat,</span> <span class='ocrx_word' id='word_1_168' title='bbox 228 1687 248 1708; x_wconf 89' lang='lat'>&gt;›</span> <span class='ocrx_word' id='word_1_169' title='bbox 289 1682 378 1710; x_wconf 89' lang='lat' dir='ltr'>non</span> <span class='ocrx_word' id='word_1_170' title='bbox 411 1665 479 1710; x_wconf 87' lang='lat' dir='ltr'>his</span> <span class='ocrx_word' id='word_1_171' title='bbox 514 1666 591 1728; x_wconf 88' lang='lat' dir='ltr'>qui</span> <span class='ocrx_word' id='word_1_172' title='bbox 635 1666 888 1725; x_wconf 83' lang='lat' dir='ltr'>contagium</span> <span class='ocrx_word' id='word_1_173' title='bbox 925 1666 1074 1710; x_wconf 89' lang='lat' dir='ltr'>mortis</span> <span class='ocrx_word' id='word_1_174' title='bbox 1110 1668 1300 1729; x_wconf 83' lang='lat' dir='ltr'>antiquae</span> <span class='ocrx_word' id='word_1_175' title='bbox 1337 1668 1476 1730; x_wconf 83' lang='lat' dir='ltr'>prima</span> 
     </span>
     <span class='ocr_line' id='line_1_22' title="bbox 102 1734 1479 1797; baseline 0.001 -17"><span class='ocrx_word' id='word_1_176' title='bbox 102 1735 326 1780; x_wconf 85' lang='lat' dir='ltr'>nativitate</span> <span class='ocrx_word' id='word_1_177' title='bbox 350 1746 567 1780; x_wconf 85' lang='lat' dir='ltr'>traxerunt</span> <span class='ocrx_word' id='word_1_178' title='bbox 588 1753 598 1779; x_wconf 90' lang='lat'><strong>:</strong></span> <span class='ocrx_word' id='word_1_179' title='bbox 636 1755 654 1775; x_wconf 75' lang='grc' dir='ltr'>α</span> <span class='ocrx_word' id='word_1_180' title='bbox 678 1734 762 1780; x_wconf 85' lang='lat' dir='ltr'>Sed</span> <span class='ocrx_word' id='word_1_181' title='bbox 788 1735 838 1780; x_wconf 86' lang='lat' dir='ltr'>iis</span> <span class='ocrx_word' id='word_1_182' title='bbox 866 1735 941 1797; x_wconf 88' lang='lat' dir='ltr'>qui</span> <span class='ocrx_word' id='word_1_183' title='bbox 961 1735 1265 1795; x_wconf 63' lang='lat' dir='ltr'>aegritudinem</span> <span class='ocrx_word' id='word_1_184' title='bbox 1292 1754 1479 1783; x_wconf 88' lang='lat' dir='ltr'>conver—</span> 
     </span>
     <span class='ocr_line' id='line_1_23' title="bbox 105 1804 1478 1867; baseline 0.001 -17"><span class='ocrx_word' id='word_1_185' title='bbox 105 1805 278 1850; x_wconf 84' lang='lat' dir='ltr'>sationis</span> <span class='ocrx_word' id='word_1_186' title='bbox 296 1804 348 1850; x_wconf 93' lang='lat' dir='ltr'>de</span> <span class='ocrx_word' id='word_1_187' title='bbox 373 1804 595 1850; x_wconf 87' lang='lat' dir='ltr'>voluntate</span> <span class='ocrx_word' id='word_1_188' title='bbox 618 1805 798 1867; x_wconf 85' lang='lat' dir='ltr'>propria</span> <span class='ocrx_word' id='word_1_189' title='bbox 834 1805 1128 1864; x_wconf 82' lang='lat' dir='ltr'>collegerunt,</span> <span class='ocrx_word' id='word_1_190' title='bbox 1154 1828 1174 1847; x_wconf 77' lang='lat'>›&gt;</span> <span class='ocrx_word' id='word_1_191' title='bbox 1197 1805 1243 1852; x_wconf 90' lang='lat' dir='ltr'>id</span> <span class='ocrx_word' id='word_1_192' title='bbox 1275 1818 1336 1852; x_wconf 86' lang='lat' dir='ltr'>est</span> <span class='ocrx_word' id='word_1_193' title='bbox 1355 1844 1365 1861; x_wconf 75' lang='grc'><em>,</em></span> <span class='ocrx_word' id='word_1_194' title='bbox 1385 1811 1478 1867; x_wconf 87' lang='lat' dir='ltr'>jam</span> 
     </span>
     <span class='ocr_line' id='line_1_24' title="bbox 105 1875 1479 1934; baseline 0.003 -15"><span class='ocrx_word' id='word_1_195' title='bbox 105 1875 345 1934; x_wconf 86' lang='lat' dir='ltr'>majoribus</span> <span class='ocrx_word' id='word_1_196' title='bbox 366 1876 529 1920; x_wconf 85' lang='lat' dir='ltr'>ratione</span> <span class='ocrx_word' id='word_1_197' title='bbox 545 1876 765 1920; x_wconf 87' lang='lat' dir='ltr'>utentibus</span> <span class='ocrx_word' id='word_1_198' title='bbox 784 1886 825 1920; x_wconf 87' lang='lat' dir='ltr'>et</span> <span class='ocrx_word' id='word_1_199' title='bbox 842 1876 1024 1921; x_wconf 86' lang='lat' dir='ltr'>arbitrio</span> <span class='ocrx_word' id='word_1_200' title='bbox 1038 1876 1288 1923; x_wconf 77' lang='lat' dir='ltr'>voluntatis.</span> <span class='ocrx_word' id='word_1_201' title='bbox 1317 1899 1336 1918; x_wconf 86' lang='lat'>«</span> <span class='ocrx_word' id='word_1_202' title='bbox 1353 1879 1479 1924; x_wconf 81' lang='lat' dir='ltr'>Hanc</span> 
     </span>
     <span class='ocr_line' id='line_1_25' title="bbox 107 1945 1480 1993; baseline 0.002 -3"><span class='ocrx_word' id='word_1_203' title='bbox 107 1945 474 1990; x_wconf 82' lang='lat' dir='ltr'>conversationem</span> <span class='ocrx_word' id='word_1_204' title='bbox 515 1963 563 1990; x_wconf 75' lang='lat' dir='ltr'>ex</span> <span class='ocrx_word' id='word_1_205' title='bbox 601 1945 816 1991; x_wconf 86' lang='lat' dir='ltr'>accidenti</span> <span class='ocrx_word' id='word_1_206' title='bbox 844 1946 1085 1991; x_wconf 85' lang='lat' dir='ltr'>venientem</span> <span class='ocrx_word' id='word_1_207' title='bbox 1121 1945 1328 1992; x_wconf 83' lang='lat' dir='ltr'>facillime</span> <span class='ocrx_word' id='word_1_208' title='bbox 1374 1948 1480 1993; x_wconf 80' lang='lat' dir='ltr'>dicit</span> 
     </span>
     <span class='ocr_line' id='line_1_26' title="bbox 106 2015 1476 2079; baseline 0.001 -19"><span class='ocrx_word' id='word_1_209' title='bbox 106 2032 230 2078; x_wconf 89' lang='lat' dir='ltr'>posse</span> <span class='ocrx_word' id='word_1_210' title='bbox 253 2016 309 2060; x_wconf 89' lang='lat' dir='ltr'>ab</span> <span class='ocrx_word' id='word_1_211' title='bbox 329 2016 631 2075; x_wconf 81' lang='lat' dir='ltr'>aegrotantium</span> <span class='ocrx_word' id='word_1_212' title='bbox 654 2015 878 2061; x_wconf 88' lang='lat' dir='ltr'>voluntate</span> <span class='ocrx_word' id='word_1_213' title='bbox 901 2016 1104 2079; x_wconf 86' lang='lat' dir='ltr'>separari.</span> <span class='ocrx_word' id='word_1_214' title='bbox 1130 2038 1150 2057; x_wconf 86' lang='lat'>»</span> <span class='ocrx_word' id='word_1_215' title='bbox 1179 2017 1296 2062; x_wconf 85' lang='lat' dir='ltr'>Dicit</span> <span class='ocrx_word' id='word_1_216' title='bbox 1312 2017 1439 2062; x_wconf 88' lang='lat' dir='ltr'>etiam</span> <span class='ocrx_word' id='word_1_217' title='bbox 1465 2036 1476 2063; x_wconf 72' lang='grc' dir='ltr'>ε</span> 
     </span>
     <span class='ocr_line' id='line_1_27' title="bbox 108 2085 1482 2142; baseline 0.001 -12"><span class='ocrx_word' id='word_1_218' title='bbox 108 2107 127 2126; x_wconf 90' lang='lat'>«</span> <span class='ocrx_word' id='word_1_219' title='bbox 150 2085 197 2130; x_wconf 89' lang='lat' dir='ltr'>Si</span> <span class='ocrx_word' id='word_1_220' title='bbox 232 2086 436 2131; x_wconf 87' lang='lat' dir='ltr'>evenisset</span> <span class='ocrx_word' id='word_1_221' title='bbox 461 2085 648 2142; x_wconf 81' lang='lat' dir='ltr'>malum,</span> <span class='ocrx_word' id='word_1_222' title='bbox 683 2086 743 2131; x_wconf 87' lang='lat' dir='ltr'>ita</span> <span class='ocrx_word' id='word_1_223' title='bbox 769 2097 818 2131; x_wconf 92' lang='lat' dir='ltr'>ut</span> <span class='ocrx_word' id='word_1_224' title='bbox 845 2103 933 2131; x_wconf 88' lang='lat' dir='ltr'>non</span> <span class='ocrx_word' id='word_1_225' title='bbox 962 2086 1122 2132; x_wconf 89' lang='lat' dir='ltr'>valeret</span> <span class='ocrx_word' id='word_1_226' title='bbox 1148 2085 1325 2132; x_wconf 86' lang='lat' dir='ltr'>ulterius</span> <span class='ocrx_word' id='word_1_227' title='bbox 1352 2105 1374 2132; x_wconf 88' lang='lat' dir='ltr'>a</span> <span class='ocrx_word' id='word_1_228' title='bbox 1401 2105 1482 2132; x_wconf 82' lang='lat' dir='ltr'>vo-</span> 
     </span>
     <span class='ocr_line' id='line_1_28' title="bbox 108 2155 1482 2219; baseline 0.001 -19"><span class='ocrx_word' id='word_1_229' title='bbox 108 2155 276 2202; x_wconf 89' lang='lat' dir='ltr'>luntate</span> <span class='ocrx_word' id='word_1_230' title='bbox 298 2157 532 2211; x_wconf 75' lang='lat' dir='ltr'>removeri,</span> <span class='ocrx_word' id='word_1_231' title='bbox 559 2156 604 2201; x_wconf 92' lang='lat' dir='ltr'>id</span> <span class='ocrx_word' id='word_1_232' title='bbox 623 2167 708 2213; x_wconf 86' lang='lat' dir='ltr'>est,</span> <span class='ocrx_word' id='word_1_233' title='bbox 736 2157 934 2219; x_wconf 73' lang='lat' dir='ltr'>quamvis</span> <span class='ocrx_word' id='word_1_234' title='bbox 951 2157 1176 2202; x_wconf 88' lang='lat' dir='ltr'>accidisset</span> <span class='ocrx_word' id='word_1_235' title='bbox 1194 2193 1205 2212; x_wconf 82' lang='grc'>,</span> <span class='ocrx_word' id='word_1_236' title='bbox 1233 2158 1266 2202; x_wconf 89' lang='lat' dir='ltr'>si</span> <span class='ocrx_word' id='word_1_237' title='bbox 1284 2158 1346 2202; x_wconf 81' lang='lat' dir='ltr'>ita</span> <span class='ocrx_word' id='word_1_238' title='bbox 1370 2158 1482 2202; x_wconf 87' lang='lat' dir='ltr'>acci-</span> 
     </span>
     <span class='ocr_line' id='line_1_29' title="bbox 110 2224 1483 2289; baseline 0.001 -19"><span class='ocrx_word' id='word_1_239' title='bbox 110 2225 240 2270; x_wconf 85' lang='lat' dir='ltr'>disset</span> <span class='ocrx_word' id='word_1_240' title='bbox 258 2236 307 2271; x_wconf 92' lang='lat' dir='ltr'>ut</span> <span class='ocrx_word' id='word_1_241' title='bbox 324 2226 512 2289; x_wconf 77' lang='lat' dir='ltr'>separari</span> <span class='ocrx_word' id='word_1_242' title='bbox 539 2225 718 2270; x_wconf 86' lang='lat' dir='ltr'>ulterius</span> <span class='ocrx_word' id='word_1_243' title='bbox 748 2243 771 2270; x_wconf 85' lang='lat' dir='ltr'>a</span> <span class='ocrx_word' id='word_1_244' title='bbox 803 2224 1025 2270; x_wconf 84' lang='lat' dir='ltr'>voluntate</span> <span class='ocrx_word' id='word_1_245' title='bbox 1058 2242 1147 2270; x_wconf 89' lang='lat' dir='ltr'>non</span> <span class='ocrx_word' id='word_1_246' title='bbox 1172 2225 1359 2283; x_wconf 80' lang='lat' dir='ltr'>valeret,</span> <span class='ocrx_word' id='word_1_247' title='bbox 1389 2244 1483 2272; x_wconf 90' lang='lat' dir='ltr'>me-</span> 
     </span>
     <span class='ocr_line' id='line_1_30' title="bbox 110 2293 1484 2358; baseline 0.001 -18"><span class='ocrx_word' id='word_1_248' title='bbox 110 2295 194 2341; x_wconf 85' lang='lat' dir='ltr'>rito</span> <span class='ocrx_word' id='word_1_249' title='bbox 214 2295 302 2340; x_wconf 92' lang='lat' dir='ltr'>dici</span> <span class='ocrx_word' id='word_1_250' title='bbox 320 2307 485 2358; x_wconf 83' lang='lat' dir='ltr'>posset,</span> <span class='ocrx_word' id='word_1_251' title='bbox 507 2293 786 2340; x_wconf 82' lang='lat' dir='ltr'>substantiale</span> <span class='ocrx_word' id='word_1_252' title='bbox 802 2294 980 2357; x_wconf 89' lang='lat' dir='ltr'>quidem</span> <span class='ocrx_word' id='word_1_253' title='bbox 997 2295 1162 2340; x_wconf 82' lang='lat' dir='ltr'>malum</span> <span class='ocrx_word' id='word_1_254' title='bbox 1178 2312 1265 2341; x_wconf 88' lang='lat' dir='ltr'>non</span> <span class='ocrx_word' id='word_1_255' title='bbox 1283 2313 1390 2353; x_wconf 84' lang='lat' dir='ltr'>esse,</span> <span class='ocrx_word' id='word_1_256' title='bbox 1410 2296 1484 2342; x_wconf 87' lang='lat' dir='ltr'>sed</span> 
     </span>
     <span class='ocr_line' id='line_1_31' title="bbox 109 2364 1484 2429; baseline 0.001 -19"><span class='ocrx_word' id='word_1_257' title='bbox 109 2366 251 2429; x_wconf 87' lang='lat' dir='ltr'>ipsam</span> <span class='ocrx_word' id='word_1_258' title='bbox 289 2365 574 2411; x_wconf 86' lang='lat' dir='ltr'>substantiam</span> <span class='ocrx_word' id='word_1_259' title='bbox 610 2365 700 2410; x_wconf 92' lang='lat' dir='ltr'>sine</span> <span class='ocrx_word' id='word_1_260' title='bbox 739 2364 904 2409; x_wconf 83' lang='lat' dir='ltr'>malitia</span> <span class='ocrx_word' id='word_1_261' title='bbox 929 2381 1028 2426; x_wconf 84' lang='lat' dir='ltr'>quae</span> <span class='ocrx_word' id='word_1_262' title='bbox 1052 2364 1236 2421; x_wconf 81' lang='lat' dir='ltr'>accidit,</span> <span class='ocrx_word' id='word_1_263' title='bbox 1266 2369 1358 2424; x_wconf 84' lang='lat' dir='ltr'>jam</span> <span class='ocrx_word' id='word_1_264' title='bbox 1398 2383 1484 2411; x_wconf 78' lang='lat' dir='ltr'>esse</span> 
     </span>
     <span class='ocr_line' id='line_1_32' title="bbox 110 2434 1485 2498; baseline 0.001 -18"><span class='ocrx_word' id='word_1_265' title='bbox 110 2453 199 2481; x_wconf 89' lang='lat' dir='ltr'>non</span> <span class='ocrx_word' id='word_1_266' title='bbox 223 2452 362 2498; x_wconf 88' lang='lat' dir='ltr'>posse.</span> <span class='ocrx_word' id='word_1_267' title='bbox 392 2436 438 2481; x_wconf 81' lang='lat' dir='ltr'>Si</span> <span class='ocrx_word' id='word_1_268' title='bbox 460 2445 598 2480; x_wconf 86' lang='lat' dir='ltr'>autem</span> <span class='ocrx_word' id='word_1_269' title='bbox 622 2435 825 2488; x_wconf 87' lang='lat' dir='ltr'>accessit,</span> <span class='ocrx_word' id='word_1_270' title='bbox 854 2434 1025 2497; x_wconf 87' lang='lat' dir='ltr'>inquit,</span> <span class='ocrx_word' id='word_1_271' title='bbox 1053 2445 1094 2479; x_wconf 88' lang='lat' dir='ltr'>et</span> <span class='ocrx_word' id='word_1_272' title='bbox 1118 2435 1385 2498; x_wconf 86' lang='lat' dir='ltr'>principium</span> <span class='ocrx_word' id='word_1_273' title='bbox 1409 2453 1485 2481; x_wconf 87' lang='lat' dir='ltr'>ac-</span> 
     </span>
     <span class='ocr_line' id='line_1_33' title="bbox 113 2503 1481 2559; baseline -0.001 -8"><span class='ocrx_word' id='word_1_274' title='bbox 113 2506 310 2551; x_wconf 89' lang='lat' dir='ltr'>cessionis</span> <span class='ocrx_word' id='word_1_275' title='bbox 330 2522 417 2550; x_wconf 90' lang='lat' dir='ltr'>non</span> <span class='ocrx_word' id='word_1_276' title='bbox 432 2505 716 2550; x_wconf 83' lang='lat' dir='ltr'>substantiam</span> <span class='ocrx_word' id='word_1_277' title='bbox 738 2504 897 2549; x_wconf 85' lang='lat' dir='ltr'>habuit</span> <span class='ocrx_word' id='word_1_278' title='bbox 914 2540 925 2558; x_wconf 87' lang='lat'><strong><em>‚</em></strong></span> <span class='ocrx_word' id='word_1_279' title='bbox 948 2503 1021 2549; x_wconf 89' lang='lat' dir='ltr'>sed</span> <span class='ocrx_word' id='word_1_280' title='bbox 1047 2503 1313 2550; x_wconf 85' lang='lat' dir='ltr'>voluntatem</span> <span class='ocrx_word' id='word_1_281' title='bbox 1327 2542 1337 2559; x_wconf 84' lang='lat'>‚</span> <span class='ocrx_word' id='word_1_282' title='bbox 1356 2505 1481 2550; x_wconf 87' lang='lat' dir='ltr'>facile</span> 
     </span>
     <span class='ocr_line' id='line_1_34' title="bbox 112 2573 1486 2640; baseline -0.002 -18"><span class='ocrx_word' id='word_1_283' title='bbox 112 2586 255 2640; x_wconf 80' lang='lat' dir='ltr'>potest</span> <span class='ocrx_word' id='word_1_284' title='bbox 271 2575 434 2629; x_wconf 85' lang='lat' dir='ltr'>malum</span> <span class='ocrx_word' id='word_1_285' title='bbox 454 2593 477 2621; x_wconf 86' lang='lat' dir='ltr'>a</span> <span class='ocrx_word' id='word_1_286' title='bbox 496 2574 737 2621; x_wconf 83' lang='lat' dir='ltr'>substantia</span> <span class='ocrx_word' id='word_1_287' title='bbox 755 2573 970 2637; x_wconf 82' lang='lat' dir='ltr'>separari,</span> <span class='ocrx_word' id='word_1_288' title='bbox 992 2584 1040 2619; x_wconf 88' lang='lat' dir='ltr'>ut</span> <span class='ocrx_word' id='word_1_289' title='bbox 1059 2584 1101 2619; x_wconf 88' lang='lat' dir='ltr'>et</span> <span class='ocrx_word' id='word_1_290' title='bbox 1118 2574 1315 2633; x_wconf 72' lang='lat' dir='ltr'>subJecta</span> <span class='ocrx_word' id='word_1_291' title='bbox 1334 2574 1486 2620; x_wconf 89' lang='lat' dir='ltr'>volun-</span> 
     </span>
     <span class='ocr_line' id='line_1_35' title="bbox 112 2642 1487 2708; baseline -0.002 -16"><span class='ocrx_word' id='word_1_292' title='bbox 112 2645 191 2692; x_wconf 84' lang='lat' dir='ltr'>tati</span> <span class='ocrx_word' id='word_1_293' title='bbox 220 2645 462 2693; x_wconf 84' lang='lat' dir='ltr'>substantia</span> <span class='ocrx_word' id='word_1_294' title='bbox 486 2644 650 2692; x_wconf 85' lang='lat' dir='ltr'>munda</span> <span class='ocrx_word' id='word_1_295' title='bbox 669 2644 805 2708; x_wconf 82' lang='lat' dir='ltr'>possit</span> <span class='ocrx_word' id='word_1_296' title='bbox 827 2660 906 2707; x_wconf 86' lang='lat' dir='ltr'>per</span> <span class='ocrx_word' id='word_1_297' title='bbox 926 2643 1073 2691; x_wconf 86' lang='lat' dir='ltr'>omnia</span> <span class='ocrx_word' id='word_1_298' title='bbox 1095 2642 1332 2706; x_wconf 85' lang='lat' dir='ltr'>possideri,</span> <span class='ocrx_word' id='word_1_299' title='bbox 1355 2642 1416 2689; x_wconf 86' lang='lat' dir='ltr'>ita</span> <span class='ocrx_word' id='word_1_300' title='bbox 1438 2653 1487 2689; x_wconf 90' lang='lat' dir='ltr'>ut</span> 
     </span>
    </p>
   </div>
   <div class='ocr_carea' id='block_1_4' title="bbox 1286 2730 1326 2775">
    <p class='ocr_par' dir='ltr' id='par_1_5' title="bbox 1286 2730 1326 2775">
     <span class='ocr_line' id='line_1_36' title="bbox 1286 2730 1326 2775; baseline 0 -21"><span class='ocrx_word' id='word_1_301' title='bbox 1286 2730 1326 2775; x_wconf 85' lang='lat'>7.</span> 
     </span>
    </p>
   </div>
  </div>
 </body>
</html>
