1843 3190
380 269 466 332 17ss
779 278 813 310 s.
856 276 1102 309 Aueus'nm
1135 276 1338 310 Emscom

372 346 547 393 rationis
573 345 703 400 tuba,
729 364 750 387 >³
775 362 798 389 a
820 354 860 389 te
877 344 1041 389 scilicet
1059 361 1214 404 magno
1239 343 1433 390 tubicine
1449 345 1625 402 inflata,
1653 364 1675 387 e<
1696 346 1743 393 Si

374 418 621 464 auditorum
660 409 797 460 >arma
867 415 1243 460 circumstantium
1287 425 1328 460 et
1369 415 1450 460 tibi
1505 416 1743 463 faventium

374 489 714 550 concreparent-'9
739 507 760 527 ›>
786 486 853 530 Ita
890 486 1003 530 enim
1043 486 1124 531 tibi
1155 486 1282 549 ponis
1328 496 1424 531 ante
1455 487 1601 532 oculos
1641 503 1744 532 nos·
1797 504 1802 550 j

376 571 490 605 trum
511 559 556 604 in
581 557 874 620 disputatione
897 567 1114 602 certamen
1129 594 1141 613 ,
1165 568 1207 602 et
1226 566 1265 602 te
1294 567 1622 616 argumentante
1639 595 1650 614 ,
1676 575 1744 603 me
1800 580 1801 584 ¹

374 629 484 694 quid
499 627 782 691 respondeam
807 643 891 672 non
911 626 1147 672 habentem
1166 664 1177 682 ,
1201 627 1327 687 fingis
1345 638 1392 672 ut
1406 627 1561 691 placet.
1584 629 1656 674 Sic
1677 639 1744 673 te-

375 718 477 747 cum
494 716 604 746 vana
621 709 663 744 et
679 699 828 743 insana
849 697 913 742 tui
932 697 1076 743 cordis
1093 697 1342 757 imaginatio
1361 697 1602 754 fabulatur,
1624 698 1746 761 quasi

375 788 443 816 me
480 780 577 815 ante
615 768 869 827 Pelagianos
899 768 1069 827 judices
1108 778 1252 814 tecum
1291 769 1547 825 constituas,
1585 770 1747 832 quibus

373 839 686 904 plaudentibus
714 839 794 883 tibi
824 838 952 883 liceat
977 838 1160 884 exaltare
1185 850 1391 903 tanquam
1418 840 1570 884 tubam
1598 856 1747 885 vocem

374 923 493 957 tuam
511 948 522 966 ,
549 920 591 955 et
623 907 864 971 praedicare
896 919 1049 953 contra
1081 908 1345 954 catholicam
1376 909 1506 955 fidem
1532 919 1574 955 et
1595 921 1747 955 contra

374 983 555 1043 gratiam
587 979 776 1035 Christi,
810 995 896 1042 qua
930 978 1080 1042 pusilli
1114 996 1217 1025 cum
1249 980 1416 1040 magnis
1451 979 1694 1026 liberantur
1726 998 1747 1025 a

374 1053 488 1099 malo
508 1089 518 1108 ,
549 1067 825 1097 communem
857 1050 941 1095 tibi
964 1061 1005 1095 et
1035 1050 1120 1095 illis
1142 1050 1319 1097 novitiae
1352 1051 1486 1110 hujus
1515 1050 1749 1114 impietatis

375 1139 576 1170 errorem.
609 1120 732 1166 Tales
760 1119 930 1180 judices
949 1120 996 1166 in
1018 1120 1209 1166 Ecclesia
1236 1120 1341 1177 Dei,
1380 1137 1461 1166 nec
1479 1120 1568 1165 sine
1592 1120 1749 1167 adver—

373 1194 485 1241 sario
505 1211 552 1239 ex
568 1202 691 1256 parte
711 1191 842 1236 altera
861 1201 996 1237 stante
1022 1192 1168 1255 potuit
1190 1191 1383 1237 eruditor
1399 1201 1536 1236 vester
1553 1189 1750 1250 Pelagius

373 1265 579 1312 invenire.
611 1264 675 1308 De
690 1280 777 1326 quo
805 1261 974 1322 judicio
992 1299 1002 1318 ,
1026 1262 1118 1325 ipse
1135 1261 1310 1326 quidem
1343 1272 1558 1325 quantum
1587 1260 1643 1306 ad
1662 1261 1750 1306 ho-

374 1335 541 1381 minum
564 1343 844 1396 conspectum
871 1332 1049 1389 attinet,
1082 1332 1202 1379 velut
1233 1331 1484 1388 absolutus,
1513 1342 1653 1378 vestro
1682 1342 1748 1377 ta-

374 1423 472 1451 men
511 1403 657 1468 palam
697 1402 901 1448 damnato
943 1402 1167 1462 dogmate,
1209 1419 1396 1461 egressus
1436 1413 1512 1448 est.
1551 1403 1608 1446 At
1634 1419 1711 1462 ego
1734 1439 1745 1458 ,

375 1475 644 1536 ubicumque
667 1473 721 1517 sis
741 1509 751 1528 ,
781 1472 1052 1535 ubicumque
1074 1473 1210 1532 legere
1236 1474 1313 1517 ista
1337 1471 1556 1535 potueriS,
1584 1482 1626 1517 te
1650 1483 1748 1517 ante

371 1543 658 1605 istosjudices
682 1543 798 1588 intus
816 1543 861 1588 in
882 1554 955 1588 tuo
975 1542 1108 1589 corde
1136 1543 1353 1589 constituo
1373 1563 1383 1596 ;
1407 1559 1516 1606 quos
1532 1560 1621 1588 non
1635 1543 1750 1589 ami-

376 1633 449 1661 cos
466 1632 582 1661 meos
604 1625 646 1659 et
669 1613 868 1659 inimicos
892 1625 987 1659 tuos
1002 1651 1012 1670 ,
1036 1614 1180 1677 aliqua
1196 1615 1243 1658 in
1262 1631 1401 1659 meam
1420 1623 1588 1675 partem
1615 1614 1752 1674 gratia

375 1685 697 1750 propendentes
712 1721 722 1740 ,
746 1684 891 1748 aliquo
917 1685 993 1730 abs
1014 1695 1055 1730 te
1083 1685 1237 1730 merito
1259 1695 1347 1730 tuae
1370 1684 1613 1729 offensionis
1635 1701 1753 1730 aver-

376 1774 443 1802 sos
460 1794 470 1813 ,
497 1767 538 1802 et
556 1756 613 1801 ob
638 1755 725 1801 1100
743 1754 824 1799 tibi
842 1754 1040 1801 adversos
1058 1792 1069 1811 ,
1090 1755 1136 1800 in
1156 1755 1242 1801 hae
1270 1765 1415 1800 nostra
1439 1753 1753 1817 disceptatione

378 1826 583 1872 constitui
618 1825 874 1885 cognitores.
908 1826 998 1871 Nec
1019 1841 1090 1872 eos
1105 1826 1183 1888 qui
1213 1842 1440 1888 nunquam
1468 1820 1645 1870 fuerunt
1680 1835 1754 1870 aut

376 1914 464 1943 non
484 1906 609 1952 sunt,
645 1906 716 1941 aut
737 1912 925 1958 quorum
951 1896 1173 1941 sententiae
1208 1895 1261 1941 de
1280 1896 1367 1940 1100
1398 1894 1516 1957 quod
1547 1894 1658 1940 inter
1677 1912 1754 1940 nos

378 1968 625 2031 disputatur
650 1967 826 2013 incertae
853 1978 953 2012 sunt
969 2004 979 2017 ,
1005 1966 1123 2012 inani
1147 1967 1405 2026 cogitatione
1434 1966 1621 2011 confinxi
1643 1984 1653 2010 :
1681 1965 1753 2011 sed

377 2050 546 2085 sanctos
564 2049 605 2084 et
634 2038 678 2082 in
706 2048 854 2083 sancta
879 2037 1070 2083 Ecclesia
1089 2036 1274 2082 illustres
1298 2035 1505 2082 antistites
1531 2036 1640 2092 Dei,
1667 2053 1755 2080 11011

378 2108 616 2154 Platonicis
649 2117 690 2152 et
728 2107 1009 2152 Aristotelicis
1037 2118 1079 2152 et
1113 2106 1341 2152 Zenonicis
1371 2105 1549 2168 aliisque
1572 2104 1755 2164 hujusce

377 2178 523 2234 modi,
547 2177 614 2223 vel
640 2177 805 2222 Graecis
824 2177 891 2222 vel
909 2178 1073 2223 Latinis
1093 2215 1103 2233 ,
1132 2194 1383 2240 quanquam
1405 2186 1446 2220 et
1466 2175 1555 2221 istis
1590 2175 1756 2239 aliquos

379 2266 523 2294 eorum
542 2285 552 2303 ,
578 2265 724 2293 verum
750 2264 897 2293 omnes
917 2249 1046 2293 sacris
1069 2248 1241 2293 Litteris
1260 2246 1475 2301 eruditos,
1498 2245 1755 2291 nominatim

379 2319 490 2364 sicut
514 2318 748 2380 oportebat
764 2319 974 2380 expressi3
1000 2335 1237 2380 eorumque
1268 2316 1518 2370 sententias,
1542 2325 1755 2378 quantum

380 2388 572 2434 sufficere
599 2387 848 2443 videbatur,
883 2387 970 2432 sine
991 2388 1075 2432 ulla
1101 2387 1235 2432 editas
1256 2386 1539 2444 ambiguitate
1570 2385 1751 2444 digessi,

380 2469 429 2505 ut
456 2458 501 2503 in
530 2458 588 2502 eis
608 2458 757 2501 timeas
774 2494 784 2513 ,
814 2475 902 2515 non
920 2458 1035 2520 ipsos
1054 2493 1064 2512 ,
1087 2456 1160 2501 sed
1192 2456 1314 2500 illum
1340 2454 1415 2517 qui
1439 2453 1522 2498 sibi
1543 2471 1613 2499 cos
1635 2455 1756 2500 utilia

378 2545 479 2574 vasa
495 2526 699 2573 formavit
720 2562 730 2581 ,
751 2536 791 2571 et
815 2537 960 2571 sancta
985 2525 1145 2589 templa
1170 2525 1434 2581 construxit3
1465 2523 1543 2587 qui
1571 2534 1674 2569 tunc
1701 2524 1755 2570 de

379 2597 458 2645 ista
485 2613 610 2644 causa
631 2595 941 2656 judicaverunt
963 2632 973 2654 ,
1002 2594 1180 2660 quando
1202 2611 1271 2642 eos
1292 2609 1418 2640 nemo
1442 2602 1584 2657 potest
1610 2591 1753 2640 dicere
