1843 3190
346 272 405 318 62
532 274 535 275 ⁷
637 270 666 274 ⁴*
757 287 791 317 s,
834 275 1079 315 Aucusrml
1113 284 1317 315 EPISCOPI

345 351 496 396 titulus
520 350 773 396 inscribitur
789 387 798 404 ‚
825 351 882 395 ita
902 349 1010 394 dicit
1032 368 1042 394 :
1070 371 1091 390 «
1109 351 1310 409 Regnum
1330 347 1434 404 Dei,
1469 346 1622 393 fratres
1649 347 1719 393 di-

343 421 589 477 lectissimi,
626 439 711 466 esse
747 421 886 484 coepit
922 420 967 464 in
999 421 1222 483 proximo.
1260 419 1492 482 praemium
1527 419 1653 473 vitae,
1677 427 1719 468 et

345 492 550 550 gaudium
576 491 724 537 salutis
743 502 917 536 aetcrnae
939 528 947 544 ,
969 501 1009 534 et.
1025 501 1234 554 perpetua
1253 490 1401 535 laetitia
1419 527 1428 543 ‚
1453 493 1492 534 et
1513 489 1717 551 possessio

341 562 532 624 paradisi
549 576 687 625 nuper
704 561 854 606 amissa
871 586 887 615 ς
908 561 1072 605 mundo
1100 570 1345 605 transeunte
1364 563 1454 618 jam
1480 559 1672 604 veniunt.
1697 580 1717 600 >J

343 631 439 676 Hoc
468 643 614 676 rursus
649 632 693 676 in
720 630 868 677 eadem
896 647 905 674 :
947 651 965 670 «
991 630 1322 693 Amplectamur
1341 666 1351 684 ‚
1390 630 1561 692 inquit,
1601 627 1716 673 diem

342 701 418 762 qui
444 702 628 761 assignat
652 701 841 760 singulos
866 700 1089 745 domicilio
1114 718 1190 745 suo
1213 738 1221 755 ,
1243 701 1317 764 qui
1344 716 1421 744 nos
1445 700 1571 743 istinc
1595 715 1717 761 erep-

340 780 407 815 tos
431 782 471 816 et
492 772 654 834 laqueis
679 770 962 816 saecularibus
985 771 1195 816 exsolutos
1222 770 1423 833 paradiso
1456 770 1650 814 restituat
1676 779 1716 814 et
1771 768 1773 773 ’

341 857 485 899 regno.
513 863 533 882 n
572 843 679 885 Item
715 842 759 885 in
783 840 962 903 epistola
986 840 1039 884 dc
1076 841 1314 902 patientia:
1353 840 1468 883 «Dei
1507 839 1716 884 sententia

339 911 576 969 cogitetur,
606 911 775 973 inquit,
805 927 936 973 quam
961 911 1005 955 in
1025 911 1190 969 origiue
1221 910 1366 954 statim
1397 909 1551 954 mundi
1575 920 1615 954 et
1639 926 1715 968 ge-

338 980 450 1024 neris
484 981 667 1025 humani
698 979 836 1024 Adam
878 979 1088 1042 praecepti
1123 981 1351 1024 immemor
1385 989 1426 1024 et
1461 979 1574 1024 data]
1613 979 1715 1039 legis

338 1060 620 1109 transgressor
647 1051 816 1112 accepit
844 1068 854 1094 :
884 1061 988 1095 tunc
1021 1051 1203 1094 sciemus
1229 1067 1359 1112 quam
1393 1050 1602 1112 patientes
1628 1067 1713 1095 esse

337 1119 380 1164 in
398 1120 478 1165 isto
496 1120 655 1166 saeculo
680 1120 914 1166 debeamus
931 1158 940 1175 ‚
969 1122 1045 1183 qui
1077 1121 1137 1165 sic
1158 1122 1377 1166 nascimur
1397 1158 1407 1175 ‚
1437 1131 1484 1164 ut
1505 1121 1713 1183 pressuris

336 1190 468 1236 isthic
492 1201 532 1235 et
557 1191 955 1236 conflictationibus
972 1191 1232 1237 laboremus.
1261 1214 1279 1231 «
1303 1191 1415 1247 Quia
1435 1190 1618 1245 audisti,
1640 1191 1712 1234 in—

338 1281 359 1301 »
377 1261 495 1322 quit,
516 1277 663 1306 vocem
685 1261 876 1305 mulieris
897 1271 982 1305 tuce
997 1298 1006 1313 ,
1029 1271 1070 1305 et
1092 1261 1361 1306 manducasti
1381 1278 1426 1305 ex
1445 1260 1516 1306 illa
1535 1261 1706 1316 arbore,

335 1351 357 1371 »
375 1330 428 1375 de
445 1347 530 1394 qua
554 1331 641 1375 sola
659 1348 953 1393 praeceperam
975 1331 1054 1375 tibi
1076 1348 1128 1375 ne
1146 1331 1429 1376 manducares
1445 1367 1456 1386 ‚
1479 1330 1708 1375 maledicta

338 1421 357 1440 >2
381 1411 489 1445 terra
519 1401 600 1445 erit
623 1401 667 1445 in
697 1401 902 1445 omnibus
927 1401 1134 1462 operibus
1156 1402 1254 1446 tois.
1290 1403 1341 1445 In
1373 1400 1545 1445 tristitia
1572 1411 1611 1444 et
1635 1418 1710 1459 ge-

335 1491 355 1511 a>
374 1471 484 1514 initu
509 1470 606 1514 edes
635 1487 681 1514 ex
712 1487 759 1514 ea
793 1471 997 1515 omnibus
1025 1471 1179 1515 diebus
1203 1472 1305 1516 vitae
1333 1481 1420 1516 tuae
1445 1488 1455 1516 :
1498 1470 1643 1533 spinas
1667 1481 1709 1515 ct

333 1561 353 1580 »
374 1539 559 1584 tribulos
589 1539 730 1598 ejiciet
760 1540 869 1593 tibi3
896 1551 938 1584 et
968 1540 1065 1585 edes
1092 1541 1305 1603 pabulum
1333 1541 1433 1600 agri.
1471 1542 1522 1585 In
1552 1540 1708 1585 sudore

333 1631 353 1650 υ
375 1609 518 1654 vultus
536 1609 600 1653 tui
617 1609 714 1654 edes
733 1628 890 1672 panem
912 1621 1035 1655 tuum
1054 1648 1062 1661 ‹
1092 1611 1230 1656 donec
1248 1612 1471 1656 revertaris
1490 1612 1704 1656 interram

333 1679 424 1724 »de
459 1695 546 1742 qua
582 1691 782 1741 sumptus
810 1697 886 1724 es:
921 1682 1125 1744 quoniam
1164 1692 1275 1726 terra
1311 1699 1380 1737 cs,
1417 1682 1525 1726 etin
1551 1692 1704 1726 terrani

332 1770 352 1789 ›>
372 1749 497 1794 ibis1.
522 1770 541 1789 ›>
563 1749 704 1807 Hujus
723 1751 945 1796 sententiae
967 1752 1141 1796 vinculo
1164 1752 1355 1811 colligati
1374 1769 1520 1796 omnes
1536 1762 1579 1805 et
1597 1769 1704 1796 con-

330 1819 468 1864 stricti
487 1835 634 1863 sumus
651 1856 661 1874 ‚
690 1819 826 1865 donec
848 1832 983 1865 morte
1001 1833 1215 1884 expuncta
1242 1822 1294 1867 de
1313 1823 1393 1866 isto
1417 1821 1576 1867 saeculo
1596 1838 1704 1866 rece-

330 1889 499 1935 damus.
524 1910 544 1930 »
570 1890 763 1953 Itemque
781 1891 826 1936 in
851 1892 995 1937 eadem
1021 1910 1030 1936 ε
1056 1914 1071 1932 c·
1099 1894 1206 1937 Nam
1231 1910 1331 1937 cum
1351 1893 1395 1936 in
1416 1892 1488 1936 illa
1506 1929 1517 1947 ,
1539 1892 1697 1954 ίηψιίῒς

327 1960 470 2023 prima
493 1961 824 2018 transgressione.
847 1962 1061 2025 praecepti
1089 1963 1269 2007 firmitas
1290 1962 1486 2024 corporis
1508 1962 1703 2006 cumim-

324 2030 586 2075 mortalitate
605 2029 868 2083 discesserit,
903 2042 944 2076 et
969 2049 1069 2077 cum
1092 2043 1226 2077 morte
1253 2032 1481 2077 infirmitas
1505 2032 1668 2076 venerit
1686 2068 1696 2087 ,

325 2117 405 2145 nec
423 2100 557 2163 possit
575 2100 757 2144 firmitas
776 2102 935 2164 recipi,
963 2103 1043 2146 nisi
1068 2119 1166 2148 cum
1198 2113 1370 2165 recepta
1389 2116 1428 2146 et
1445 2101 1700 2147 immortali-

326 2181 388 2216 tas
404 2170 557 2222 fuerit3
579 2180 750 2232 oportet
769 2171 813 2215 in
834 2171 918 2217 hac
937 2171 1167 2231 fragilitate
1189 2183 1318 2235 atque
1338 2172 1589 2217 infirmitate
1605 2188 1699 2217 cor-

323 2242 442 2304 poris
465 2241 622 2285 luctari
649 2257 818 2303 semper
838 2252 879 2287 et
909 2243 1128 2302 congredi.
1171 2246 1284 2299 Quae
1312 2243 1493 2287 luctatio
1527 2253 1567 2287 et
1589 2260 1699 2288 con—

322 2312 475 2371 gressio
497 2327 582 2354 non
607 2310 688 2354 nisi
712 2311 936 2372 patientiae
954 2324 1096 2374 potest
1123 2314 1290 2358 viribus
1311 2312 1521 2359 sustineri.
1547 2334 1568 2353 ))

386 2381 553 2426 >Qut
581 2381 630 2424 ln
653 2382 833 2442 epistota
858 2393 996 2426 autem
1018 2399 1150 2444 quam
1173 2383 1345 2445 scripsit
1363 2382 1416 2427 ad
1437 2382 1693 2445 episcopum

319 2451 473 2496 Fidum
489 2488 499 2503 ,
528 2466 627 2494 cum
655 2451 869 2509 sexaginta
891 2469 957 2496 sex
982 2452 1251 2514 coepiscopis
1269 2453 1355 2497 suis
1372 2489 1384 2507 ,
1409 2471 1431 2497 a
1449 2469 1536 2515 quo
1557 2453 1693 2498 fuerat

313 2521 538 2569 consultus
558 2535 741 2584 propter
765 2522 1112 2573 circumcisionis
1131 2523 1290 2583 legem,
1319 2533 1466 2569 utrum
1490 2534 1589 2570 ante
1608 2540 1688 2569 oc-

365 2607 377 2629 1
395 2608 479 2640 Gen.
500 2616 551 2645 m,
573 2615 626 2644 17.
