1843 3190
289 318 463 349 CONTRA
498 316 725 348 JULIANUM
760 316 1064 359 PELAGIANUM,
1102 318 1190 348 Llss.
1233 301 1462 357 v1}385

95 382 326 430 »vivemus
363 382 410 428 in
446 380 555 428 eo1?
574 402 594 422 ν)
618 381 734 427 Hinc
773 399 890 428 nunc
920 381 1146 441 diligenter
1179 382 1380 440 attende,
1423 394 1463 429 et

94 452 215 517 quod
231 453 426 516 sequitur
451 463 499 498 ut
525 450 737 510 intelligas
763 452 954 498 intentus
985 451 1219 499 ausculata.
1253 452 1365 498 Cum
1392 452 1454 498 di-

95 525 219 569 xisset
233 561 244 580 ‚
257 545 276 564 «
296 522 383 578 Qui
403 520 563 567 mortui
581 537 727 566 sumus
744 532 943 584 peccato,
963 521 1400 585 quomodo-vivemus
1418 524 1464 569 in

98 616 120 639 »
138 597 234 640 «203³»
253 596 320 640 An
337 593 564 652 ignorati5‚
600 592 760 654 inquit,
788 592 997 655 quoniam
1031 593 1298 656 quicumque
1315 594 1462 656 bapti-

99 686 120 708 »
134 666 217 711 zati
244 680 391 710 sumus
413 663 458 709 in
483 662 658 708 Christo
683 663 783 707 Jesu
804 699 816 718 ‚
852 663 900 707 in
922 672 1061 707 morte
1089 663 1224 725 ipsius
1260 664 1469 726 baptizati

101 757 122 777 »
142 733 316 780 sumus2
339 736 356 778 Ρ
379 753 400 774 »
430 733 514 778 Hic
543 742 644 777 sunt
667 732 842 794 parvuli
861 732 937 794 qui
959 732 1265 794 baptizantur,
1307 751 1360 778 an
1381 750 1471 778 nou

101 807 231 850 sunt?
251 803 296 848 Si
320 820 410 847 non
436 802 512 847 hic
535 812 651 858 sunt,
677 801 834 847 falsum
852 812 914 847 est
930 818 1031 861 ergo
1062 801 1183 865 quod
1208 802 1266 847 ait
1275 839 1287 859 ,
1317 824 1338 843 «
1356 803 1474 859 Qui-

103 895 126 916 »
141 890 330 936 cumque
351 873 565 936 baptizati
596 888 741 918 sumus
762 873 808 917 in
829 872 1003 917 Christo
1019 876 1118 917 Jesu
1133 908 1144 924 ‚
1175 872 1221 917 in
1246 883 1386 918 morte
1400 873 1475 936 ip-

103 965 126 987 »
144 944 230 989 sius
253 943 464 1006 baptizati
483 959 630 988 sumus
654 960 666 987 t
690 963 710 983 η
739 942 843 1005 quia
861 941 1011 987 nonin
1032 952 1170 987 morte
1187 941 1303 987 illius
1330 942 1477 1006 bapti-

105 1025 259 1059 zantur
293 1013 483 1076 parvuli.
531 1013 618 1058 Sed
644 1013 853 1076 quoniam
881 1029 1033 1059 verum
1067 1012 1176 1057 dicit
1211 1012 1442 1075 Apostolus
1463 1050 1475 1070 ‚

105 1082 217 1129 nulli
259 1082 559 1142 intelliguntur
588 1082 769 1145 excepti.
811 1083 924 1128 Nam
948 1083 984 1127 si
1022 1082 1075 1127 de
1108 1082 1206 1128 solis
1243 1083 1482 1143 majoribus

108 1153 279 1200 dictum
300 1153 486 1216 putatis,
509 1153 586 1216 qui
613 1157 706 1213 jam
739 1163 925 1198 utuntur
956 1152 1095 1197 libero
1131 1152 1312 1198 arbitrio
1333 1190 1344 1209 ‚
1382 1170 1483 1199 cum

110 1224 229 1270 (licat
269 1223 341 1268 ille
358 1261 370 1280 ‚
406 1224 688 1286 Quicumque
719 1241 729 1268 :
760 1243 781 1264 «
803 1224 980 1268 Frustra
1002 1239 1078 1268 vos
1101 1233 1232 1267 terret
1254 1224 1488 1271 Dominica

109 1316 132 1337 >›
152 1294 226 1340 illa
236 1295 462 1350 sententia,
477 1294 569 1338 Nisi
581 1294 677 1356 quis
695 1303 868 1339 renatus
888 1292 1018 1338 fuerit
1029 1309 1076 1338 ex
1086 1309 1197 1355 aqua
1206 1303 1248 1338 et
1263 1293 1487 1356 spiritu³‚»

111 1363 293 1410 Habetis
316 1364 431 1409 enim
465 1380 674 1423 magnum
692 1362 1003 1426 compendium
1037 1380 1048 1407 ε
1079 1373 1314 1409 asseverate
1337 1374 1379 1409 et
1404 1363 1491 1409 hoc

113 1434 167 1480 de
185 1434 284 1479 solis
302 1434 542 1493 majoribus
562 1433 749 1489 dictum,
777 1449 1052 1496 nequaquam
1086 1432 1292 1495 parvulos
1314 1433 1394 1479 ista
1424 1451 1494 1493 ge-

114 1503 340 1550 neralitate
357 1503 577 1549 concludi.
604 1505 659 1548 Et
681 1503 791 1566 quid
811 1503 935 1549 vobis
957 1514 1020 1548 est
1048 1502 1102 1547 de
1119 1504 1358 1566 quaestione
1375 1504 1495 1567 bap-

117 1575 295 1620 tismatis
322 1573 521 1619 laborare
542 1610 554 1630 ,
583 1584 732 1619 utrum
758 1574 813 1618 sit
842 1573 931 1620 vita
952 1583 1113 1618 aeterna
1132 1584 1292 1635 praeter
1315 1591 1494 1634 regnum

116 1645 227 1701 Dei,
256 1662 310 1690 an
337 1645 426 1692 vita
452 1655 614 1690 aeterna
633 1644 838 1707 privandi
867 1644 951 1689 sint
979 1644 1228 1689 innocentes
1250 1655 1316 1689 tot
1338 1645 1496 1704 imagi-

117 1732 190 1761 nes
216 1714 313 1771 Dei,
338 1732 388 1760 ac
411 1732 489 1778 per
506 1715 594 1760 boc
619 1725 780 1760 aeterna
802 1725 941 1760 morte
973 1713 1248 1776 plectendae?
1281 1715 1327 1760 Si
1357 1726 1499 1761 autem

117 1786 207 1831 hoc
239 1784 382 1831 dicere
404 1803 493 1831 non
524 1785 715 1840 audetis,
760 1785 969 1849 quoniam
997 1784 1296 1831 universaliter
1330 1785 1501 1848 prolata

121 1856 330 1902 sententia
351 1866 430 1911 est,
461 1856 554 1901 Nisi
575 1856 670 1919 quis
688 1866 862 1901 renatus
883 1855 1016 1900 fuerit
1038 1872 1086 1901 ex
1113 1872 1225 1918 aqua
1247 1865 1289 1900 et
1311 1857 1467 1919 spiritu
1486 1894 1498 1914 ‚

120 1942 210 1971 non
242 1935 386 1988 potest
411 1926 575 1970 intrare
602 1942 650 1970 in
672 1942 854 1984 regnum
878 1925 959 1970 Dei
980 1942 991 1968 :
1017 1924 1165 1969 eadem
1192 1941 1266 1970 vos
1291 1925 1501 1971 universi-

122 2006 188 2040 tas
207 1995 485 2057 comprimit,
524 1994 693 2040 dicente
723 1993 932 2057 Apostolo
953 2031 965 2050 ,
1003 2014 1025 2037 ε(
1046 1994 1327 2057 Quicumque
1350 1995 1504 2058 bapti-

125 2087 147 2108 »
169 2066 254 2111 zati
276 2082 424 2111 sumus
446 2066 492 2111 in
519 2065 695 2111 Christo
719 2069 821 2111 Jesu
841 2103 853 2122 ‚
882 2065 927 2111 in
970 2075 1108 2110 morte
1144 2064 1259 2110 illius
1292 2065 1505 2128 baptizati

95 2179 98 2181 .
126 2158 148 2178 »
165 2135 358 2181 sumusl·⁸
381 2157 401 2177 ›>
427 2136 541 2195 Ergo
567 2146 610 2181 et
632 2136 806 2198 parvuli
826 2135 904 2198 qui
925 2135 1210 2198 baptizantur
1233 2135 1280 2179 in
1307 2136 1501 2193 Christo,

126 2206 332 2269 quoniam
353 2205 400 2249 in
426 2215 562 2250 morte
588 2206 726 2268 ipsius
753 2206 1064 2268 baptizantur,
1093 2215 1275 2268 peccato
1309 2206 1504 2252 morian-

125 2287 214 2322 tur.
244 2275 353 2320 Inde
375 2277 489 2321 enim
514 2292 706 2321 connexa
732 2288 833 2323 sunt
855 2276 937 2321 ista
962 2276 1211 2339 sequentia,
1241 2291 1344 2321 cum
1372 2293 1506 2340 supe-

127 2346 216 2391 rius
235 2344 404 2391 dictum
425 2357 547 2402 esset,
587 2346 676 2402 Qui
701 2347 864 2392 mortui
887 2362 1036 2392 sumus
1059 2356 1259 2408 peccam,
1285 2348 1507 2408 quomodo

129 2416 321 2462 vivemus
343 2415 389 2461 in
412 2419 491 2461 eo?
513 2417 627 2461 Nam
652 2416 774 2463 velut
803 2426 1097 2480 quaereretur,
1119 2436 1140 2458 c<
1166 2415 1286 2472 Quid
1313 2427 1375 2461 est
1400 2419 1516 2464 mori

129 2505 152 2527 >J
177 2488 391 2548 peccato?
433 2487 501 2531 An
540 2487 749 2545 ignoratis
769 2524 779 2541 ‚
807 2487 953 2550 inquit
974 2523 984 2543 ‚
1017 2486 1224 2549 quoniam
1249 2486 1516 2551 quicumque

131 2577 153 2598 »
177 2555 549 2618 baptizatisumus
559 2557 605 2602 in
625 2557 804 2604 Christo
825 2558 849 2603 J
854 2575 946 2615 esu,
967 2557 1014 2603 in
1027 2567 1164 2603 morte
1182 2555 1298 2601 illius
1314 2557 1518 2620 baptiza-

181 2636 192 2658 ¹
211 2639 305 2668 Rom.
330 2650 358 2675 v,
379 2650 410 2671 2.
433 2637 607 2673 -21bid.
631 2641 661 2672 3.
684 2658 725 2664 -
743 2638 758 2663 3
777 2644 935 2682 Joan.1n‚
961 2641 1048 2674 5.-
1069 2637 1084 2664 4
1100 2642 1196 2673 Rom.
1212 2649 1257 2681 vx,
1277 2640 1309 2673 3.

301 2707 428 2739 (ιλ-111.
754 2687 759 2691 ’
1310 2694 1368 2739 25
