1843 3190
348 298 443 380 370
753 320 788 350 S.
831 317 1077 348 AUGUSTINI
1111 316 1313 347 EPISCOPI
1822 318 1827 369 ἢ

345 387 522 444 fuisset,
549 385 584 432 si
616 401 743 431 nemo
768 392 1002 451 peccasset.
1045 381 1171 433 Absit
1199 382 1312 428 enim
1341 393 1389 428 ut
1425 379 1727 437 honestissima

349 453 425 515 illa
451 457 631 512 felicitas
649 455 694 502 in
715 453 917 519 paradiso
938 450 1358 499 commotaelibidini
1377 469 1546 518 semper
1560 456 1728 508 obtem·
1808 454 1827 567 ,⁴

351 539 552 596 peraret3
580 522 693 572 absit
717 520 765 578 ut
784 522 855 578 illa
878 541 962 588 pax
989 522 1121 574 animi
1155 533 1197 571 et
1219 523 1412 587 corporis
1436 523 1620 578 haberet
1644 518 1728 573 ali-
1806 537 1810 620 ε

351 599 459 672 quid
479 638 490 657 ,
534 609 715 663 propter
739 593 856 660 quod
897 594 1099 640 adversus
1123 611 1164 639 se
1187 594 1326 660 ipsam
1357 595 1500 658 prima
1540 596 1732 646 hominis

350 682 504 725 natura
522 678 750 739 pugnaret.
775 667 820 712 Si
837 682 936 729 ergo
960 665 1022 710 ibi
1046 682 1123 710 nec
1144 663 1414 711 serviendum
1432 666 1625 722 libidini,
1652 684 1733 713 nec

355 742 557 788 adversus
587 756 681 784 eam
709 736 966 783 bellandum
990 734 1099 788 fuit3
1129 745 1202 780 aut
1229 753 1317 780 non
1342 736 1405 781 ibi
1430 735 1530 792 suit,
1559 748 1735 783 autnon

354 812 451 858 talis
473 810 614 881 qualis
641 825 758 854 nunc
778 818 840 852 est
852 806 950 851 fuit,
991 806 1119 850 Nunc
1140 805 1253 850 enim
1285 805 1459 858 libidini
1480 825 1648 854 necesse
1672 818 1734 860 est

356 893 406 935 ut
420 890 652 951 repugnet,
683 878 759 943 qui
792 876 948 922 servire
979 875 1195 927 nolueritz,
1218 893 1384 922 necesse
1410 888 1471 922 est
1495 889 1543 931 ut
1562 878 1735 934 serviat,

353 951 433 1018 qui
450 946 957 1016 repugnareneglexerit.
980 945 1182 1004 Quorum
1199 945 1388 992 duorum
1404 965 1541 994 unum
1563 959 1624 994 est
1642 964 1733 1000 mo-

353 1020 527 1077 lestum,
555 1015 632 1065 etsi
665 1016 913 1064 laudabile:
936 1014 1117 1060 alterum
1147 1026 1273 1080 turpe
1293 1027 1334 1062 et
1353 1015 1613 1071 miserabile.
1647 1019 1741 1070 lta-

357 1110 441 1159 que
463 1093 509 1143 in
520 1092 609 1144 hoc
626 1087 788 1136 saeculo
814 1104 951 1133 unum
972 1086 1132 1131 horum
1150 1087 1275 1132 castis
1293 1098 1355 1133 est
1375 1088 1680 1146 necessarium,
1698 1089 1744 1134 in

358 1162 562 1230 paradiso
584 1171 726 1206 autem
745 1167 980 1222 utrumque
996 1174 1019 1201 a
1045 1156 1180 1202 beatis
1204 1155 1344 1203 fuerat
1374 1157 1574 1211 alienum.

427 1233 592 1279 LXIII.
627 1230 710 1276 Sed
728 1229 883 1274 iterum
903 1244 970 1273 me
1007 1226 1116 1272 dicis
1150 1228 1438 1293 mihimetipsi
1462 1248 1547 1276 esse
1562 1240 1747 1279 contra-

362 1306 476 1358 rium
494 1303 531 1359 1,
562 1301 796 1366 propositis
816 1299 1019 1345 videlicet
1036 1298 1128 1345 aliis
1141 1300 1286 1347 verbis
1310 1302 1412 1347 meis
1430 1300 1507 1347 ubi
1531 1319 1750 1366 propaga-

367 1374 493 1420 tionis
513 1372 704 1419 officium
725 1389 747 1416 a
769 1368 954 1416 carnalis
979 1367 1278 1414 delectationis
1300 1371 1569 1434 appetitione
1588 1371 1750 1417 discer-

365 1462 498 1492 nens:
519 1465 539 1485 «
563 1441 696 1491 Aliud
724 1458 810 1486 esse
836 1439 923 1484 dixi
964 1456 1053 1484 non
1078 1440 1371 1486 concumbere
1410 1441 1492 1487 nisi
1532 1441 1754 1494 voluntate

366 1513 616 1578 generandi,
639 1512 759 1577 quod
774 1529 863 1557 non
885 1510 1023 1556 habet
1041 1509 1219 1574 culpam
1240 1531 1250 1564 ;
1275 1512 1393 1558 aliud
1418 1513 1754 1559 concumbendo

370 1586 510 1633 carnis
535 1595 737 1649 appetere
759 1583 1052 1646 voluptatem,
1074 1581 1149 1628 sed
1173 1599 1260 1628 non
1284 1594 1468 1647 propter
1496 1588 1724 1644 conjugem
1740 1621 1751 1641 ‚

370 1656 491 1730 quod
517 1654 727 1707 venialem
750 1654 887 1699 habet
913 1651 1107 1715 culpam.
1139 1674 1160 1694 »
1189 1652 1313 1698 Nihil
1337 1653 1504 1700 habent
1540 1654 1629 1707 duo
1656 1655 1755 1712 ista,

375 1739 590 1797 quantum
610 1743 782 1777 mecum
807 1741 953 1770 omnes
986 1723 1136 1778 vident
1172 1723 1247 1786 qui
1268 1741 1418 1771 verum
1452 1726 1622 1782 vident,
1644 1725 1762 1776 unde

376 1816 445 1846 me
460 1795 661 1844 ostendas
678 1795 788 1841 mihi
801 1811 887 1839 esse
910 1793 1194 1839 contrarium.
1221 1794 1335 1839 Audi
1360 1805 1505 1849 tamen
1519 1795 1762 1848 identidem

378 1868 498 1934 quod
523 1883 672 1913 eorum
696 1865 890 1911 sensibus
924 1863 1186 1909 inculcatius
1214 1864 1456 1920 intimetur,
1484 1882 1592 1930 quos
1620 1864 1765 1911 fallere

380 1941 566 1993 affectas.
595 1935 886 1981 Calumniaris
902 1935 1018 1979 enim
1042 1951 1052 1977 :
1076 1955 1097 1975 α
1119 1934 1207 1979 Nos
1225 1935 1544 1981 excusationem
1566 1936 1767 1999 praebere

385 2009 591 2073 turpibus
614 2014 654 2052 et
677 2005 900 2065 flagitiosis
922 2003 1202 2058 hominibus,
1245 2015 1293 2050 ut
1335 2022 1437 2051 cum
1478 2005 1657 2052 infanda
1682 2006 1769 2052 im-

385 2080 551 2128 munda
571 2076 884 2131 commiserint,
903 2086 1055 2120 contra
1079 2074 1346 2122 voluntatem
1373 2093 1415 2122 se
1433 2075 1583 2123 dicant
1602 2076 1766 2132 fecisse,
1830 2080 1833 2087 '

388 2150 543 2198 etideo
564 2149 736 2194 nullum
761 2146 926 2192 habere
944 2155 1176 2209 peccatum
1197 2163 1207 2190 :
1238 2167 1257 2187 »
1274 2146 1397 2209 quasi
1417 2164 1493 2200 nos
1520 2164 1608 2192 non
1631 2146 1771 2198 multo

389 2222 569 2272 exertius
608 2218 893 2264 adhortemur
936 2225 1088 2261 contra
1112 2215 1340 2262 libidinem
1361 2233 1447 2261 esse
1465 2215 1766 2282 pugnandum.

389 2293 502 2339 Nam
528 2291 562 2337 si
585 2307 680 2344 vos,
707 2305 807 2334 cum
833 2286 880 2332 id
898 2286 1066 2331 bonum
1089 2303 1174 2331 esse
1203 2285 1356 2332 dicatis
1375 2324 1385 2342 ‚
1412 2285 1501 2331 non
1533 2285 1664 2332 vultis
1703 2296 1775 2331 ta-
1840 2304 1843 2324 ⁴

389 2381 506 2418 men,
539 2373 588 2407 ut
606 2367 745 2405 vestra
770 2358 971 2404 adversus
987 2356 1102 2403 istud
1118 2357 1284 2402 bonum
1299 2357 1540 2416 frigescere,
1569 2356 1636 2403 vel
1658 2367 1773 2402 certe
1836 2364 1843 2407 '1

393 2449 584 2500 ¹tepescre
602 2431 715 2479 bella
743 2430 968 2475 credamus
990 2446 1000 2472 ε
1024 2438 1189 2491 quanto
1215 2428 1464 2487 vigilantius
1488 2438 1529 2473 et
1557 2427 1778 2474 ardentius

402 2502 556 2561 contra
574 2501 737 2548 malum
767 2517 845 2545 nos
876 2515 1097 2544 censemus
1114 2515 1200 2543 esse
1213 2499 1533 2562 pugnandum?
1555 2499 1641 2543 Nos
1665 2498 1780 2543 dici-
1833 2506 1843 2553 Ἀ

390 2594 487 2629 mus
515 2572 625 2621 illud
660 2589 745 2618 esse
768 2580 922 2616 contra
962 2568 1232 2615 voluntatem
1255 2606 1266 2625 ,
1296 2580 1344 2614 ut
1367 2586 1467 2615 caro
1498 2568 1782 2632 concupiscat

434 2665 444 2684 ¹
464 2660 536 2693 Lib,
558 2669 584 2687 x.
604 2656 642 2687 de
658 2658 759 2699 Nupt.
777 2661 807 2686 et
826 2655 970 2696 Concup.
989 2663 1057 2695 cap.
1084 2654 1133 2683 15.
