1843 3190
351 284 526 316 CONTRA
559 286 786 318 JULlANUM
821 287 1124 328 ΡΕιΑςῙΑΝυΜ,
1164 289 1251 319 ma.
1293 290 1352 320 w.
1429 275 1521 331 453

155 347 400 410 propheta:
427 371 447 392 «
464 351 722 399 Maledictus
741 353 829 399 dies
853 354 899 399 in
917 371 1003 416 quo
1020 365 1144 399 natus
1167 371 1260 400 sum
1275 355 1339 401 1.»
1358 357 1419 401 De
1434 356 1520 402 hac

157 418 220 461 ira
258 417 365 464 dicit
399 432 570 467 sanctus
604 423 726 468 Job:
767 446 786 465 «
810 427 960 469 Pereat
986 425 1073 470 dies
1096 425 1167 470 ille
1197 425 1243 470 in
1276 443 1362 487 quo
1400 437 1523 472 natus

158 508 178 528 »
198 504 290 532 sum
305 489 338 536 2.
360 510 380 530 »
406 492 468 535 De
491 491 575 537 hac
594 493 656 538 ira
681 494 782 539 item
801 495 907 540 dicit
931 495 1042 540 idem
1068 495 1158 557 ipse
1179 513 1188 539 :
1219 517 1234 534 (ι
1250 496 1393 540 Homo
1408 497 1524 541 enim

158 577 179 598 »
197 568 322 603 natus
341 577 388 605 ex
409 561 884 615 muliermbrevisvitffi
906 576 947 609 et
970 565 1390 627 plenusiracundiae,
1414 567 1527 611 sicut

158 648 179 668 >2
205 628 283 673 flos
321 629 426 675 foeni
455 631 646 688 decidit,
681 635 791 694 fugit
827 646 968 680 autem
1006 637 1117 679 sicut
1157 636 1311 680 umbra
1337 673 1346 689 ‚
1375 647 1415 680 ct
1440 654 1528 681 non

159 717 180 738 »
204 699 337 743 stabit
354 699 386 746 3.
416 702 568 746 Nonne
592 713 633 747 et
666 703 798 762 hujus
812 720 960 749 curam
992 703 1147 751 fecisti.
1177 714 1217 747 et
1248 704 1370 749 hunc
1392 705 1531 750 fecisti

160 767 360 814 »intrare
387 770 431 814 in
459 784 698 834 conspectu
731 784 804 818 tuo
823 773 867 818 in
889 773 1107 833 judicium
1129 776 1146 818 9
1171 774 1279 829 Quis
1299 774 1413 818 enim
1449 775 1530 818 erit

160 856 180 877 >2
201 837 391 883 mundus
420 857 441 884 a
466 841 697 887 sordibus?
730 844 792 888 Ne
823 860 932 888 unus
951 843 1126 905 quidem
1148 880 1158 891 ,
1195 843 1322 887 etiam
1348 843 1381 888 si
1403 843 1530 888 unius

160 905 286 951 »diei
319 907 448 954 fuerit
481 911 567 956 vita
604 916 695 971 ers
727 929 855 975 super
871 923 1025 957 terram
1043 912 1076 959 Δ.
1105 934 1124 953 »
1145 913 1207 956 De
1232 913 1315 957 hac
1335 913 1398 956 ira
1426 912 1534 958 dicit

159 976 271 1022 liber
297 978 620 1027 Ecclesiasticus
638 1001 648 1027 :
674 1004 692 1023 «
710 984 864 1029 Omnis
886 1000 986 1028 caro
1005 984 1116 1028 sicut
1137 984 1262 1026 vestis
1279 983 1529 1035 veterascit3

158 1068 180 1088 »
204 1057 504 1096 testamentum
527 1053 640 1097 enim
673 1071 694 1098 a
723 1053 882 1098 saeculo
897 1089 907 1108 ‚
935 1063 1073 1097 morte
1095 1053 1285 1097 morieris
1299 1052 1331 1098 5.
1353 1073 1372 1093 »
1396 1053 1532 1097 Item-

160 1132 246 1179 que
266 1118 385 1181 ipse:
421 1142 441 1160 ·‹
469 1123 502 1166 A
526 1122 703 1167 muliere
723 1160 733 1178 ‚
760 1123 904 1186 inquit
927 1159 937 1177 ‚
966 1123 1136 1167 initium
1174 1133 1235 1166 est
1256 1122 1427 1184 peccati
1451 1159 1461 1177 ‚
1492 1132 1535 1167 et

162 1208 181 1228 »
200 1198 380 1250 'propter
396 1190 514 1236 illam
540 1194 751 1237 morimur
779 1209 924 1237 omnes
939 1193 971 1238 6.
995 1214 1013 1233 »
1031 1193 1082 1235 Et
1110 1192 1304 1236 nlioloco
1322 1209 1332 1236 ε
1350 1213 1368 1231 «
1385 1193 1535 1237 Occu-

161 1277 182 1297 »
208 1258 327 1319 patio
360 1277 512 1319 magna
532 1273 674 1306 creata
698 1272 759 1306 est
785 1261 902 1306 omni
938 1261 1106 1306 homini
1127 1298 1137 1315 ‚
1167 1271 1207 1304 ct
1228 1264 1382 1319 jugum
1409 1276 1536 1319 grave

162 1348 182 1367 n
202 1343 333 1390 super
355 1329 466 1376 filios
498 1331 634 1376 Adam
658 1349 678 1376 a
699 1332 768 1376 die
787 1331 919 1376 exitus
944 1330 997 1375 de
1024 1340 1170 1375 ventre
1195 1330 1341 1374 matris
1362 1346 1531 1383 eorum,

162 1417 182 1437 »
207 1413 341 1461 usque
377 1399 422 1444 in
456 1400 570 1445 diem
599 1400 832 1463 sepulturae
867 1401 911 1445 in
943 1411 1123 1445 matrem
1151 1399 1388 1445 omnium7.
1415 1421 1435 1440 n
1470 1400 1534 1443 De

161 1465 246 1512 hac
268 1468 332 1513 ira
355 1468 464 1514 dicit
484 1469 785 1515 Ecclesiastes:
809 1491 828 1511 «
850 1470 1026 1514 Vanitas
1049 1469 1309 1524 vanitatum,
1331 1477 1372 1513 et
1389 1468 1536 1513 onznia

162 1557 183 1578 »
206 1538 386 1585 vanitas.
419 1540 531 1597 Quae
560 1540 830 1586 abundantia
850 1540 1019 1585 homini
1044 1540 1087 1585 in
1112 1539 1230 1583 omni
1256 1539 1406 1583 labore
1427 1554 1504 1583 suo
1520 1574 1531 1589 ‚

164 1627 186 1647 ›>
205 1608 393 1672 quoipse
403 1608 662 1655 laboratsub
674 1610 759 1656 sole
770 1610 843 1656 81³»
857 1611 919 1654 De
932 1610 1015 1654 hac
1029 1609 1092 1654 ira
1106 1626 1185 1653 vox
1195 1608 1430 1670 apostolica
1441 1617 1529 1652 est:

162 1697 183 1717 «
203 1677 359 1723 Omnis
370 1680 761 1725 creaturavanitate
776 1680 970 1738 subjecta
982 1678 1077 1725 estss.
1092 1702 1107 1719 υ
1125 1679 1187 1722 De
1199 1678 1356 1722 hacira
1368 1676 1537 1739 plangit

161 1747 386 1794 Psalmus:
406 1771 426 1790 α
442 1750 555 1795 Ecce
577 1761 736 1795 veteres
754 1750 934 1813 posuisti
949 1748 1038 1794 dies
1066 1765 1179 1794 meos
1197 1785 1206 1802 ‚
1226 1758 1267 1793 et
1292 1746 1535 1792 substantia

162 1838 183 1859 >2
205 1835 298 1863 mea
330 1828 536 1882 tanquam
570 1819 761 1865 nihilum
792 1830 889 1865 ante
923 1829 991 1874 te,
1021 1828 1318 1865 verumtamen
1340 1817 1538 1861 universa

162 1908 184 1930 ι)
203 1888 369 1934 vanitas
403 1889 542 1935 omnis
586 1890 721 1935 homo
743 1890 933 1935 vivens9.
955 1910 974 1930 ›>
1006 1889 1068 1933 De
1086 1888 1170 1933 hac
1193 1888 1257 1932 ira
1301 1886 1471 1948 plangit
1497 1895 1540 1929 et

164 1958 299 2004 allus:
338 1981 354 1999 «
379 1960 492 2016 Quae
516 1977 597 2023 pro
632 1960 772 2005 nihilo
793 1960 1014 2005 habentur
1033 1993 1043 2013 ‚
1077 1974 1226 2003 eorum
1250 1957 1352 2002 anni
1387 1965 1530 2002 erunt.

163 2049 185 2071 >2
210 2030 338 2075 Mane
362 2029 476 2075 sicut
500 2030 638 2076 herba
662 2040 865 2085 transeat,
894 2045 1020 2074 mane
1044 2028 1195 2073 floreat
1217 2037 1259 2072 et
1278 2035 1505 2089 praetereat
1524 2061 1536 2081 ‚

164 2120 185 2140 ›>
209 2116 382 2162 vespere
412 2099 603 2153 decidat,
625 2101 844 2155 durescat,
874 2110 915 2144 et
939 2108 1111 2144 arescat.
1139 2097 1357 2153 Quoniam
1375 2093 1543 2140 defeci-

166 2191 183 2212 ›=
206 2187 302 2216 mus
322 2170 368 2216 in
392 2171 455 2216 ira
480 2182 579 2228 tua,
609 2183 650 2217 et
672 2172 717 2217 in
752 2169 1050 2230 indignatione
1081 2179 1153 2213 tua
1187 2165 1440 2212 conturbati
1463 2180 1541 2210 su-

165 2263 186 2284 »
211 2258 322 2288 mus.
372 2242 557 2287 Posuisti
594 2242 843 2305 iniquitates
868 2250 1034 2286 nostras
1074 2239 1118 2284 in
1157 2247 1393 2299 conspectu
1430 2245 1505 2280 tuo
1526 2270 1538 2289 ‚

165 2332 186 2353 ›>
207 2310 418 2358 saeculum
443 2322 640 2357 nostrum
658 2312 703 2356 in
730 2310 1047 2356 illuminatione
1061 2307 1206 2353 vultus
1219 2306 1298 2352 tui.
1320 2305 1541 2362 Quoniam

165 2404 186 2424 n
210 2399 359 2428 omnes
379 2381 469 2428 dies
488 2382 622 2428 nostri
650 2381 927 2435 defecerunt,
949 2390 991 2425 et
1019 2379 1064 2424 in
1088 2378 1152 2423 ira
1179 2388 1253 2422 tua
1286 2374 1536 2420 defecimus.

167 2475 188 2496 ›>
216 2454 327 2499 Anni
346 2453 483 2499 nostri
506 2453 618 2499 sicut
636 2469 788 2498 aranea
802 2448 1200 2497 meditabuntur‘w.
1231 2469 1250 2489 »

215 2544 435 2581 ¹Jerem.xx‚
454 2551 504 2580 14.
519 2561 564 2567 --
584 2542 599 2565 ²
615 2544 692 2578 Job,
712 2555 766 2582 111,
787 2546 818 2577 3.
838 2560 883 2567 -
902 2540 984 2575 3111.
1007 2553 1075 2577 xxv,
1098 2552 1125 2573 ι,
1140 2541 1230 2581 juxta
1249 2546 1321 2568 Lxx.
1342 2552 1385 2559 -—-
1404 2531 1418 2554 ⁴
1443 2532 1543 2565 Eccli.

167 2612 236 2642 xiv,
256 2602 294 2631 18
315 2606 348 2631 et
369 2597 569 2632 12.-51d.
588 2611 666 2638 xxv,
685 2602 741 2633 33.
763 2596 835 2624 -6
852 2598 901 2632 Id.
921 2609 976 2638 xz„
998 2609 1027 2630 1.
1045 2615 1085 2622 »—
1104 2595 1118 2618 ⁷
1134 2595 1234 2627 Eccle.
1260 2604 1286 2629 1,
1307 2604 1335 2623 2.
1352 2609 1395 2616 —·
1413 2587 1428 2612 8
1446 2592 1541 2625 Rom.

167 2668 245 2699 vm,
267 2667 321 2690 20.
336 2675 381 2681 —
394 2654 409 2679 9
428 2656 511 2689 Psal.
533 2667 675 2694 xxxvm,
693 2657 725 2686 6.
743 2673 784 2679 -
804 2653 834 2677 ¹⁰
853 2653 897 2685 td.
913 2664 1044 2690 Lunx,
1066 2653 1096 2688 5,
1113 2656 1140 2682 et
1158 2659 1247 2692 seqq.
