1843 3190
375 301 470 358 404
784 310 818 340 s.
860 307 1104 339 mensum
1138 305 1342 338 muscom

374 398 463 427 non
479 377 641 425 teneri:
666 396 686 418 >2
707 376 881 421 intelest
905 384 1114 438 quatenus
1133 382 1249 418 recte
1269 370 1404 435 possit
1434 369 1629 431 intelligi.
1655 370 1748 417 Ne·-

375 470 461 516 que
481 467 597 497 nunc
616 466 714 509 ago,
734 446 854 511 quod
875 445 1074 510 peccavit
1095 444 1260 499 David,
1286 454 1329 489 et
1347 460 1428 507 pro
1453 453 1635 507 peccato
1657 446 1748 502 eJus

375 534 441 569 tot
464 521 696 568 hominum
720 517 854 565 millia
871 516 1125 562 ceciderunt
1138 514 1173 562 1.
1203 525 1245 561 et
1260 514 1379 578 quod
1397 514 1451 559 de
1475 513 1748 559 anathemate

374 604 528 641 eontra
545 590 826 638 interdictum
859 588 961 651 quia
984 586 1214 650 usurpavit
1254 602 1384 636 unus,
1411 585 1456 631 in
1469 601 1540 630 eos
1562 584 1638 648 qui
1660 583 1747 630 hoc

373 683 463 711 non
494 664 701 717 fecerant,
729 677 806 706 nec
830 659 994 705 factum
1031 658 1160 704 fuisse
1175 667 1402 712 noverant,
1424 655 1620 702 vindicta
1640 671 1748 718 pro-

371 735 524 781 cessit:
552 733 635 779 alia
660 729 896 794 disputatio
916 740 992 784 est,
1019 745 1158 791 neque
1182 744 1301 773 nunc
1320 739 1462 773 tenere
1497 743 1576 772 nos
1595 725 1742 781 debet,

369 804 423 850 de
445 805 532 849 hoc
559 819 710 862 genere
732 809 1015 864 peccatorum
1034 799 1121 844 sive
1133 814 1382 861 poenarum.
1409 798 1646 843 Parentum
1669 811 1744 841 au-

365 885 452 920 tem
470 883 651 937 peccata
668 870 800 916 modo
818 869 1011 932 quodam
1026 868 1237 914 dicuntur
1261 868 1417 923 aliena,
1440 883 1588 912 rursus
1614 866 1746 912 modo

365 944 558 1009 quodam
577 941 852 1021 reperiuntur
869 949 909 985 et
925 949 1104 984 nostra:
1128 938 1265 984 aliena
1284 938 1453 1001 quippe
1479 937 1746 1015 proprietate

366 1026 468 1061 sunt
486 1014 683 1068 actionis,
710 1021 856 1057 nostra
878 1020 979 1056 sunt
1012 1020 1155 1055 autem
1191 1009 1448 1069 contagione
1469 1007 1738 1071 propaginis,

366 1083 500 1141 Quod
518 1083 552 1129 si
574 1082 732 1128 falsum
769 1090 891 1133 esset,
929 1079 1127 1144 profecto
1151 1095 1279 1140 grave
1293 1082 1450 1140 J'ugum
1478 1094 1607 1141 super
1633 1078 1746 1124 filios

366 1155 525 1211 Adam,
556 1172 578 1200 a
608 1153 678 1199 die
712 1152 846 1198 exitus
871 1150 925 1197 de
948 1162 1097 1198 ventre
1119 1150 1269 1196 matris
1294 1166 1445 1196 eorum
1469 1148 1591 1195 nullo
1611 1148 1744 1195 modo

361 1228 530 1284 Justum
545 1234 650 1269 esset
665 1223 698 1269 ².

429 1296 594 1341 XXIX.
622 1292 756 1349 Quod
780 1302 924 1337 autem
953 1291 1210 1354 Apostolum
1232 1290 1384 1336 dixisse
1409 1306 1741 1344 commemoras,

365 1387 384 1408 α
405 1369 567 1410 Omnes
588 1381 666 1409 nos
691 1362 954 1408 manifestari
985 1372 1158 1425 oportet
1176 1372 1274 1406 ante
1297 1360 1493 1406 tribunal
1516 1360 1683 1406 Christi
1704 1359 1736 1406 ³.

362 1447 409 1482 ut
429 1445 621 1499 reportet
637 1435 935 1496 unusquisque
949 1432 1129 1496 propria
1148 1431 1345 1495 corporis
1361 1431 1428 1477 sui
1441 1441 1577 1494 prout
1598 1431 1740 1491 gessit,

359 1506 447 1552 sive
460 1506 630 1551 bonum
652 1505 740 1550 sive
763 1502 926 1548 malum
956 1520 966 1547 ε
992 1502 1217 1566 quomodo
1243 1502 1290 1548 in
1328 1501 1525 1565 parvulis
1548 1500 1744 1564 accipis?

363 1578 518 1623 Utrum
538 1586 579 1621 et
594 1575 678 1639 ipsi
702 1584 799 1620 ante
822 1573 1016 1619 tribunal
1032 1573 1198 1619 Christi
1221 1572 1637 1628 manifestabuntur,
1661 1588 1740 1617 an·-

358 1651 479 1695 non?
507 1647 552 1692 Si
575 1663 662 1691 non
688 1643 1102 1700 manifestabuntur,
1127 1643 1236 1707 quid
1261 1655 1304 1690 te
1333 1643 1512 1704 adjuvat
1535 1642 1617 1689 ista
1645 1658 1744 1687 sen-

360 1719 510 1774 tentia,
537 1716 712 1780 quando
729 1715 781 1761 ad
805 1732 875 1760 eos
894 1731 982 1760 non
1009 1715 1222 1778 pertinet,
1247 1731 1437 1778 quorum
1459 1729 1580 1759 nunc
1601 1711 1744 1772 agitur

361 1791 524 1834 causa?
551 1787 596 1832 Si
614 1797 755 1831 autem
775 1783 1192 1841 manifestabuntur,
1213 1783 1435 1848 quomodo
1449 1792 1646 1847 reportat
1669 1799 1743 1827 eo-

359 1875 458 1904 rum
469 1857 651 1921 quisque
667 1854 784 1918 quod
802 1854 943 1914 gessit,
959 1854 1159 1917 quinihil
1171 1855 1321 1913 gessit;
1342 1853 1533 1917 nisiquia
1550 1851 1737 1915 pertinet

361 1929 416 1975 ad
434 1946 518 1980 eos,
547 1925 667 1990 quod
689 1942 764 1988 per
792 1924 924 1970 corda
943 1936 985 1969 et
1002 1941 1076 1970 ora
1104 1925 1388 2002 gestantium,
1419 1925 1505 1969 sive
1529 1922 1731 1977 credunt,

361 2000 447 2045 sine
479 2015 568 2043 11011
602 1995 813 2042 credunt?
848 2015 868 2035 α
890 1995 1090 2073 Propria
1112 1995 1308 2075 corporis
1327 1995 1430 2040 sui»
1453 1994 1568 2039 enim
1599 1992 1731 2048 dixit,

362 2069 481 2133 quod
503 2068 558 2113 ad
575 2082 932 2129 unumquemque
956 2066 1001 2110 in
1016 2081 1058 2110 se
1080 2065 1174 2128 ipso
1183 2069 1276 2125 J‘am
1294 2066 1511 2111 viventem
1528 2063 1729 2127 pertinet.

360 2139 472 2183 Nam
494 2135 715 2200 quomodo
742 2145 936 2213 rep01tat
950 2135 1137 2189 bonum,
1164 2145 1213 2180 ut
1230 2145 1360 2180 mtret
1373 2152 1418 2179 111
1438 2149 1619 2193 regnum
1635 2132 1732 2187 Dei,

359 2209 393 2254 si
415 2208 502 2253 hoc
520 2216 712 2270 reportat
727 2207 910 2268 quisque
936 2205 1098 2268 quod„
1076 2205 1228 2259 oessit;
1250 2205 1331 2250 nisi
1351 2204 1455 2267 quia
1475 2203 1664 2267 pertinet
1682 2183 1738 2248 aci

357 2278 594 2342 parvulum
612 2277 740 2321 etiam
755 2275 874 2338 quod
895 2293 974 2338 per
993 2275 1173 2321 alterum
1197 2275 1338 2335 gessit,
1358 2275 1405 2320 id
1424 2284 1503 2330 est,
1520 2272 1735 2320 credidit?

357 2348 641 2409 Sicutitaque
663 2346 781 2409 quod
808 2345 1013 2401 credidit,
1040 2346 1230 2408 pertinet
1251 2345 1305 2390 ad
1330 2362 1447 2401 eum,
1479 2354 1528 2389 ut
1547 2352 1738 2407 reportet

358 2419 547 2472 bonum,
574 2417 660 2461 hoc
686 2426 764 2471 est,
787 2415 1004 2478 percipiat
1027 2415 1106 2460 Dei
1127 2431 1307 2474 regnum
1330 2432 1341 2459 :
1362 2414 1423 2459 sic
1441 2413 1496 2458 ad
1515 2430 1613 2459 eum
1631 2430 1736 2476 per-

359 2489 469 2534 tinet
488 2489 617 2533 etiam
636 2524 648 2543 ‚
669 2486 703 2531 si
727 2503 817 2531 11011
838 2485 1024 2531 credidit
1038 2523 1049 2543 ‚
1077 2496 1127 2532 ut
1150 2496 1341 2549 reportet
1362 2484 1736 2531 condemnationis

406 2588 418 2610 ¹
448 2598 467 2618 a
485 2591 565 2629 Reg.
586 2597 676 2625 xx1v,
705 2587 784 2617 1·15
800 2611 808 2626 ‚
836 2591 868 2618 et
883 2586 997 2621 Josue.
1012 2595 1069 2626 vn,
1091 2586 1164 2621 1-5.
1184 2601 1231 2610 -·
1248 2583 1264 2608 ²
1286 2585 1381 2619 Eccii.
1398 2596 1452 2627 xm,
1473 2597 1506 2619 x.
1526 2602 1569 2611 -
1586 2581 1602 2608 ³
1619 2596 1638 2616 α
1656 2585 1733 2618 Cor.

358 2652 391 2685 V,
414 2654 466 2676 10.
