1843 3190
358 244 451 291 21ss
778 259 816 289 s.
859 257 1103 288 Acccsrmi
1138 258 1341 289 EPiscom

353 325 436 371 bus
469 325 597 372 etiam
622 335 837 371 castorum
871 322 1006 385 usque
1044 322 1099 367 ad
1131 323 1499 382 ingemiscendum
1531 329 1732 375 effectum

356 396 559 460 perducit
580 396 625 440 in
645 395 817 440 somnis.

420 467 626 511 XXXIX.
663 465 735 510 Sic
768 474 910 510 autem
950 463 1058 510 dicis
1090 482 1100 508 ι
1137 485 1158 505 α
1187 465 1285 520 Qua
1318 465 1486 511 ratione
1520 479 1734 530 quaereret

352 541 490 596 justos
518 537 563 581 in
585 535 784 581 Sodomis
815 536 957 590 Deus,
987 534 1021 579 si
1051 534 1147 580 illos
1178 534 1280 580 tales
1307 545 1460 580 natura
1484 535 1732 583 faciebat'l'?

359 621 566 670 [anquam
589 623 666 650 nos
692 605 888 650 dicamus
907 642 917 660 ,
947 606 1101 649 mentis
1127 604 1424 650 excellentiore
1456 617 1614 652 natura
1633 623 1735 652 con-

353 677 668 740 cupiscentiam
690 676 830 721 carnis
857 692 945 720 non
968 692 1092 738 posse
1120 674 1294 721 frenari.
1325 675 1409 720 Sed
1435 674 1638 731 dicimus,
1658 693 1734 722 us-

353 765 437 811 que
459 748 565 792 adeo
594 747 756 792 malum
777 763 886 799 esse,
919 756 967 790 ut
1001 763 1247 808 repugnans
1268 746 1558 808 expugnando
1581 747 1735 792 vinca-

357 828 444 873 tur,
472 817 610 862 donec
626 816 737 861 sicut
751 816 910 862 vulnus
933 815 977 860 in
1002 831 1203 877 corpore,
1228 815 1285 859 ita
1301 814 1491 877 perfecta
1513 816 1737 862 curatione

360 896 546 933 sanetur.

425 958 516 1002 AL.
540 956 586 1001 Si
605 966 747 1002 autem
768 966 896 1019 putas
917 973 926 1000 ε
948 954 1239 1018 «Apostolum
1258 971 1303 999 ex
1317 953 1404 1000 hoc
1414 954 1608 1001 laudasse
1629 955 1737 1001 libi-

359 1027 523 1083 dinem,
553 1027 656 1090 quia
676 1043 800 1072 usum
831 1026 1026 1072 foeminae
1047 1025 1153 1071 dixit
1171 1042 1256 1071 esse
1276 1025 1536 1082 naturalem,
1565 1026 1643 1072 ubi
1657 1027 1735 1082 ait,

361 1120 381 1138 »
401 1097 622 1155 Quosdam
648 1097 798 1142 relicto
813 1096 1000 1142 naturali
1024 1113 1104 1141 usu
1122 1095 1317 1141 foeminae
1338 1096 1589 1141 exarsissein
1600 1113 1739 1160 appe-

361 1191 381 1211 »
408 1168 535 1213 titum
559 1184 684 1213 suum
707 1167 753 1213 in
776 1168 960 1213 invicem
977 1167 996 1195 2
1015 1185 1025 1211 :
1044 1189 1062 1208 n
1088 1183 1259 1212 omnem
1286 1166 1480 1229 profecto
1501 1183 1627 1212 usum
1651 1166 1739 1213 foe-

361 1241 492 1284 minae
508 1237 684 1283 laudare
702 1237 996 1300 compelleris;
1013 1254 1060 1282 ac
1072 1254 1150 1300 per
1160 1236 1245 1281 hoc
1257 1246 1357 1282 etea
1371 1253 1471 1299 quae
1489 1253 1589 1282 cum
1602 1236 1741 1282 foemi-

361 1310 425 1354 nis
440 1307 758 1353 commituntur
773 1318 923 1369 stupra
937 1306 1153 1361 laudabis,
1181 1306 1284 1368 quia
1306 1316 1347 1351 et
1366 1306 1456 1351 illic
1472 1323 1572 1351 usus
1589 1306 1741 1369 utique

361 1378 568 1424 naturalis
591 1388 654 1423 est
677 1396 687 1422 :
713 1377 910 1441 quamvis
943 1376 1216 1422 damnandus
1232 1414 1242 1431 ,
1275 1377 1378 1439 quia
1398 1376 1614 1436 legitimus
1653 1393 1741 1422 non

363 1460 450 1502 est3
491 1448 608 1493 unde
632 1458 674 1493 et
697 1448 777 1493 filii
806 1465 894 1493 non
917 1447 1116 1507 legitimi,
1161 1446 1232 1491 sed
1273 1446 1490 1492 naturales
1508 1457 1737 1501 vocantur,

364 1522 441 1585 qui
467 1520 568 1566 inde
585 1530 838 1565 nascuntur.
870 1519 967 1564 Non
999 1519 1144 1581 itaque
1180 1518 1580 1579 concupiscentiam
1602 1516 1742 1561 carnis

366 1592 439 1639 illo
463 1590 597 1636 verbo
619 1588 814 1634 laudavit
842 1587 1074 1651 Apostolus
1099 1605 1109 1632 ε
1133 1587 1205 1632 sed
1240 1587 1478 1632 naturalem
1506 1586 1743 1650 appellavit

367 1678 512 1717 usum,
537 1658 652 1705 unde
676 1669 831 1704 natura
854 1659 1047 1703 humana
1072 1668 1212 1721 potest
1240 1657 1456 1702 nascendo
1488 1657 1735 1704 subsistere.

428 1731 546 1778 XLI.
590 1728 708 1773 Dicis
724 1730 853 1774 ctiam
890 1728 1135 1774 Sodomitas
1161 1739 1200 1773 ct
1225 1727 1269 1772 in
1293 1728 1418 1790 panis
1439 1744 1488 1772 ac
1519 1726 1608 1772 vini
1633 1744 1741 1790 pec-

367 1823 481 1853 casse
507 1811 702 1848 creatura
726 1816 736 1843 :
771 1810 900 1862 atque
920 1800 980 1844 ita
1002 1799 1065 1843 vis
1089 1798 1380 1857 intelligamus
1404 1796 1630 1842 libidinem
1657 1798 1743 1843 bo-

366 1894 483 1931 nam,
505 1872 578 1918 scd
608 1869 806 1916 homines
828 1869 905 1932 qui
927 1887 976 1914 ea
1006 1868 1115 1913 male
1147 1879 1348 1923 utuntur,
1372 1884 1457 1913 esse
1473 1866 1741 1930 culpabiles3

363 1953 475 1999 sicut
493 1946 611 1991 bona
632 1951 694 1986 est
712 1951 910 1986 creatura
933 1940 1058 2003 panis
1091 1950 1134 1984 et
1164 1939 1280 1992 vini,
1315 1938 1515 2001 quamvis
1546 1955 1594 1982 ea
1633 1938 1744 1984 male

367 2018 528 2072 utendo
544 2022 763 2078 peccetur.
795 2012 861 2055 lta
893 2011 1007 2055 enim
1027 2026 1115 2054 non
1152 2008 1355 2068 intelligis
1380 2006 1488 2070 quid
1526 2006 1738 2070 loquaris,

368 2108 416 2143 ut
435 2111 521 2140 non
544 2087 706 2139 videas,
735 2093 978 2129 creaturam
998 2079 1123 2144 panis
1147 2079 1296 2124 etvini
1317 2095 1404 2122 non
1437 2076 1745 2139 concupiscere

369 2169 571 2216 adversus
603 2160 831 2225 spiritum,
867 2152 943 2199 sed
978 2153 1118 2215 ipsam
1156 2150 1302 2213 potius
1336 2148 1563 2194 inhoneste
1591 2165 1613 2192 a
1636 2148 1746 2193 male

368 2237 591 2286 utentibus
617 2226 890 2291 concupisci,
911 2235 953 2270 et
971 2241 1065 2268 eam
1100 2221 1339 2267 forinsecus
1367 2219 1413 2264 in
1429 2229 1624 2264 nostrum
1643 2235 1746 2264 cor-

368 2327 451 2375 pus
468 2308 641 2353 intrare.
675 2302 773 2358 Qua
796 2298 892 2343 ideo
918 2294 1093 2359 parcius
1113 2303 1154 2337 et
1175 2291 1414 2337 restrictius
1431 2299 1492 2334 est
1512 2288 1742 2344 utendum,

370 2398 422 2427 ne
446 2380 536 2442 ipsa
567 2388 741 2438 quoque
777 2365 1134 2430 concupiscentia
1155 2400 1164 2417 ,
1205 2360 1325 2425 quod
1367 2359 1528 2405 malum
1560 2360 1677 2404 intus
1699 2376 1747 2404 ac

370 2461 564 2498 nostrum
587 2455 665 2500 est,
708 2451 894 2488 mentem
920 2433 1200 2498 corruptibili
1231 2448 1414 2494 corpore
1442 2447 1490 2475 ex
1515 2430 1748 2475 abundan-

371 2524 476 2569 tiore
496 2516 673 2565 materia
695 2511 832 2559 multo
861 2507 1047 2571 amplius
1068 2512 1330 2564 aggravante
1357 2500 1559 2547 adversus
1575 2517 1654 2547 nos
1678 2516 1747 2546 ve-

411 2609 420 2630 ¹
444 2607 527 2637 Gen.
552 2611 649 2639 xvur,
670 2599 724 2630 26.
744 2592 816 2621 ——2
835 2596 930 2624 Rom.
955 2602 982 2628 1,
1003 2600 1057 2627 27.
