1843 3190
288 260 375 307 108
700 273 736 304 S.
777 272 1023 305 AUGUSTINI
1057 272 1262 305 EPISCOPI

277 339 486 405 pretatio,
505 338 579 386 sed
599 360 621 381 α
638 339 825 386 Peccato
845 356 934 385 non
952 339 1203 403 inquinatos
1220 362 1240 382 »
1262 339 1405 386 dicere
1423 339 1652 398 maluistis,

280 422 328 457 ut
355 427 489 456 unum
511 411 645 474 primi
677 410 869 456 hominis
899 421 1129 473 peccatum
1167 413 1332 457 veniret
1366 411 1411 456 in
1446 421 1649 457 mentem.

283 482 368 528 Sed
388 481 708 544 suspicionibus
726 498 815 526 non
833 498 1025 541 agamus,
1043 482 1171 528 ethic
1191 482 1257 528 vel
1275 481 1501 545 scriptoris
1518 499 1653 537 error,

281 553 349 598 vel
371 551 551 597 varietas
586 562 768 614 putetur
800 552 1062 615 interpretis,
1099 553 1190 612 Ego
1219 553 1312 615 ipsa
1336 551 1469 596 verba
1502 553 1658 597 Graeca

286 639 386 686 quae
405 639 429 667 a
451 625 614 667 Joanne
635 621 754 667 dicta
782 632 881 667 sunt
900 639 1061 685 ponam
1090 640 1100 667 ε
1129 621 1196 667 διὰ
1215 632 1327 667 τοῦτο
1350 625 1416 666 καὶ
1438 621 1489 666 τὰ
1512 619 1659 668 παιδία

288 691 528 754 βαπτίζομεν
545 729 556 747 ,
588 694 717 737 καίτοι
753 696 1023 755 ἁμαρτήματα
1057 698 1125 737 οὖν.
1148 697 1292 755 ἔχοντα
1317 710 1327 737 2
1355 691 1475 755 quod
1504 702 1566 736 est
1589 691 1659 736 Ia-

284 763 371 808 tine
392 800 402 819 ,
432 784 451 804 «
473 762 576 807 Ideo
608 773 650 807 et
682 761 867 808 infantes
900 763 1176 825 baptizamus
1195 800 1206 819 ,
1247 763 1446 826 quamvis
1480 772 1659 825 peccata

285 851 372 878 non
411 833 636 878 habentes.
673 853 694 873 >2
728 831 857 877 Vides
903 843 1018 877 certe
1056 850 1145 877 non
1185 833 1240 877 ab
1278 849 1326 877 eo
1364 832 1531 877 dictum
1575 848 1660 876 esse

284 925 305 945 «
325 901 535 947 Parvulos
553 918 641 946 non
660 902 962 965 coinquinatos
979 919 1065 948 esse
1083 913 1264 965 peccato
1279 939 1290 959 ,
1314 924 1333 943 n
1351 902 1437 947 sive
1458 924 1478 943 <c
1500 904 1659 948 Pecca-

284 974 362 1026 tis;
385 994 405 1013 ›>
424 971 497 1017 sed
516 992 536 1012 «
557 972 654 1017 Non
672 971 834 1017 habere
856 983 1036 1034 peccata
1062 990 1072 1016 :
1095 994 1116 1013 »
1147 972 1337 1031 intellige
1370 972 1552 1035 propria
1570 1009 1581 1027 ‚
1618 981 1661 1016 et

284 1042 403 1088 nulla
427 1041 645 1087 contentio
669 1052 745 1088 est.
791 1043 848 1087 At
874 1042 1042 1105 inquies
1071 1060 1080 1086 :
1120 1042 1210 1087 Cur
1243 1059 1332 1087 non
1366 1042 1457 1104 ipse
1489 1040 1660 1086 addidit

282 1113 496 1176 propria?
523 1113 612 1158 Cur
640 1123 866 1176 putamus,
896 1113 978 1157 nisi
998 1113 1101 1176 quia
1123 1113 1351 1176 disputans
1374 1113 1420 1158 in
1439 1111 1660 1157 catholica

285 1182 478 1229 Ecclesia
496 1220 506 1231 ,
529 1199 617 1227 non
641 1200 684 1228 se
705 1182 828 1228 aliter
847 1182 1028 1242 intelligi
1054 1183 1353 1229 arbitrabatur
1373 1220 1383 1238 ,
1411 1181 1486 1227 tali
1511 1198 1660 1244 quaes-

284 1253 398 1299 tione
421 1252 580 1298 nullius
602 1252 883 1315 pulsabatur,
910 1253 1035 1299 vobis
1067 1254 1266 1300 nondum
1295 1252 1566 1313 litigantibus
1590 1269 1660 1297 se-

285 1324 431 1369 curius
447 1323 723 1386 loquebatur.

347 1394 517 1439 XXIII.
561 1393 674 1438 Nam
708 1395 772 1439 vis
798 1394 947 1440 audire
979 1394 1089 1457 quid
1123 1394 1253 1440 etiam
1288 1394 1380 1456 ipse
1417 1393 1471 1439 de
1507 1393 1592 1438 hac
1617 1409 1661 1437 re

284 1463 547 1526 apertissime
579 1462 758 1510 dixerit?
793 1466 906 1510 Ecce
935 1465 1064 1510 etiam
1086 1465 1233 1528 ipsum
1271 1481 1451 1509 numero
1491 1463 1556 1509 illi
1582 1462 1661 1508 ad-

277 1537 415 1593 jungo
439 1542 704 1580 sanctorum.
735 1536 847 1580 Ecce
869 1536 981 1581 inter
1005 1552 1120 1581 meos
1155 1546 1300 1590 testes,
1328 1534 1396 1580 vel
1424 1534 1536 1580 inter
1555 1551 1661 1579 nos—

282 1614 369 1648 tros
403 1604 619 1649 constituo
650 1604 841 1663 judices,
871 1623 1002 1669 quem
1036 1605 1200 1668 putasti
1237 1617 1472 1668 patronum
1513 1615 1653 1650 tuum.

283 1675 396 1719 Ecce
415 1684 456 1719 et
477 1673 621 1736 ipsum
649 1674 845 1720 dicturus
863 1693 906 1721 es
931 1676 1242 1721 Manichaeum.
1272 1675 1498 1734 Ingredere
1515 1684 1661 1719 sancte

281 1744 491 1798 Joannes,
514 1743 738 1803 ingredere
753 1781 763 1800 ,
785 1756 827 1790 et
845 1745 1020 1791 conside
1040 1762 1140 1790 cum
1157 1744 1367 1789 fratribus
1388 1745 1471 1789 tuis
1490 1781 1499 1796 ,
1525 1762 1547 1788 a
1565 1744 1662 1806 qui-

281 1814 364 1859 bus
384 1825 424 1859 te
447 1814 567 1860 nulla
590 1815 699 1869 ratio
718 1827 758 1862 et
777 1817 896 1863 nulla
915 1817 1093 1862 tentatio
1112 1817 1343 1878 separavit.
1378 1818 1504 1878 Opus
1529 1825 1591 1860 est
1618 1825 1660 1860 et

286 1896 386 1940 tua,
415 1895 457 1930 et
481 1886 662 1932 maxime
695 1897 769 1932 tua
801 1889 1009 1933 sententia
1035 1905 1044 1932 :
1078 1886 1284 1950 quoniam
1316 1886 1361 1931 in
1394 1886 1476 1931 tuis
1508 1885 1661 1930 litteris

278 1956 356 2001 iste
387 1956 557 2014 juvenis
591 1957 802 2003 invenisse
827 1976 868 2004 se
899 1969 1055 2021 putat,
1095 1957 1212 2003 unde
1250 1967 1314 2002 tot
1349 1967 1661 2020 tantorumque

280 2027 640 2089 coepiscoporum
672 2038 846 2074 tuorum
881 2046 923 2074 se
956 2029 1195 2074 arbitratur
1219 2027 1449 2091 percellere
1479 2037 1521 2072 et
1555 2043 1660 2071 eva-

282 2113 410 2142 cuare
430 2098 672 2145 sententias.
705 2099 836 2154 Quod
863 2099 898 2144 si
924 2116 1021 2144 vcre
1039 2099 1120 2144 tale
1146 2097 1311 2161 aliquid
1336 2097 1591 2152 invenisset,
1621 2107 1661 2142 et

277 2165 399 2228 quod
419 2166 509 2228 ipse
529 2167 684 2224 sentit,
703 2178 744 2213 te
758 2169 912 2213 sentire
926 2168 1174 2221 claruisset3
1197 2184 1424 2230 nunquam
1442 2177 1482 2212 te
1501 2183 1656 2221 unum,

282 2253 391 2299 pace
422 2247 499 2281 tua
523 2237 733 2294 dixerim,
760 2249 824 2284 tot
855 2250 896 2284 et
930 2239 1093 2284 talibus
1129 2237 1332 2301 praeferre
1367 2239 1412 2283 in
1447 2255 1495 2283 ea
1530 2254 1661 2283 causa

280 2323 527 2369 possemus,
551 2307 603 2352 de
623 2324 710 2369 qua
737 2325 963 2371 nunquam
1000 2309 1106 2354 fides
1138 2308 1371 2353 christiana
1392 2319 1434 2353 et
1469 2307 1661 2353 Ecclesia

283 2375 501 2422 catholica
522 2377 717 2424 variavit.
747 2378 834 2424 Sed
861 2379 1003 2433 absit,
1032 2389 1081 2424 ut
1109 2389 1154 2423 tu
1179 2378 1298 2423 aliud
1327 2394 1494 2441 saperes
1511 2415 1521 2433 ‚
1555 2378 1660 2422 etin

282 2464 330 2491 ea
353 2456 438 2492 tam
458 2447 712 2509 praecipuus
729 2449 949 2494 emineres
979 2449 1060 2494 Dic
1082 2465 1180 2507 ergo
1201 2459 1242 2493 et
1267 2459 1313 2493 tu
1332 2447 1496 2512 aliquid
1511 2485 1521 2502 ‚
1543 2447 1659 2492 unde

277 2516 354 2561 iste
373 2517 546 2576 J'uvenis
567 2516 862 2563 confundatur
886 2528 927 2562 et
954 2529 1197 2564 revereatur
1216 2556 1226 2574 ,
1253 2519 1354 2582 quia
1376 2518 1537 2582 quaerit
1565 2535 1661 2563 ma-

280 2586 425 2634 culam
442 2605 611 2643 meam3
636 2599 679 2635 et
701 2589 872 2649 ignosce
901 2589 1038 2647 mihi,
1067 2591 1171 2654 quia
1198 2606 1300 2636 cum
1333 2589 1396 2638 illi
1431 2589 1484 2636 de
1508 2589 1593 2636 hac
1616 2607 1661 2635 re
