1843 3190
375 274 390 304 1
401 259 460 304 60
777 274 812 305 s,
854 273 1098 306 mensum
1132 272 1338 306 Emscom

367 350 564 402 tempora
594 337 748 384 orandi
781 339 838 385 ab
871 339 1078 402 Apostolo
1113 340 1370 404 praescripta
1401 352 1735 396 commemorat3

368 419 496 471 atque
519 408 578 454 ita
594 426 682 455 non
699 409 794 455 vult
815 409 879 455 illi
902 411 1057 456 morbo
1075 410 1243 457 deditos
1262 428 1347 457 esse
1373 416 1576 473 conjuges
1590 449 1601 470 ,
1624 413 1740 459 unde

370 479 560 524 trahitur
579 479 783 539 originale
810 490 1040 543 peccatum
1057 517 1069 537 ,
1096 492 1145 527 ut
1175 499 1244 528 eos
1267 482 1344 545 qui
1371 482 1538 528 habent
1559 500 1709 529 uxores
1726 520 1737 540 ‚

369 548 610 594 secundum
639 548 839 595 eumdem
866 550 1122 614 Apostolum
1138 588 1151 608 ,
1177 552 1236 597 ita
1259 569 1346 598 esse
1367 553 1472 599 velit
1488 590 1500 610 ‚
1524 570 1574 599 ac
1596 553 1630 598 si
1653 570 1741 598 non

369 619 609 674 habentes;
647 637 727 666 nec
761 638 917 667 vocare
951 622 1127 667 dubitat
1157 623 1286 668 etiam
1320 624 1462 669 uxoris
1499 623 1743 669 adulterum

371 691 729 754 intemperantem
765 691 971 738 maritum
989 729 1000 748 ,
1025 709 1153 737 omne
1188 692 1399 739 connubii
1425 694 1592 739 bonum
1630 711 1744 756 pen—

374 780 468 807 sans
491 778 578 806 non
602 761 840 823 cupiditate
861 763 1024 818 carnis,
1047 762 1120 808 sed
1138 763 1223 808 fide
1242 764 1386 826 potius
1406 764 1634 820 castitatis;
1656 780 1744 808 non

374 832 528 878 morbo
544 831 751 893 passionis
764 868 774 887 ‚
795 830 867 875 sed
881 831 1045 877 foedere
1063 833 1401 892 conjunctionis3
1415 850 1505 878 non
1521 833 1745 896 voluptate

374 902 568 947 libidinis
587 937 598 955 ,
623 900 696 945 sed
718 900 939 946 voluntate
961 902 1247 964 propaginis?
1270 903 1383 948 Nam
1406 903 1629 948 mulierem
1652 903 1745 949 viro

376 989 464 1017 non
486 969 566 1015 nisi
588 969 819 1028 generandi
843 987 971 1017 causa
994 971 1201 1034 perhibet
1222 973 1464 1018 institutam
1485 1007 1495 1026 ,
1522 973 1638 1018 unde
1656 983 1745 1017 tam

378 1041 455 1087 diu
477 1040 635 1085 frustra
652 1075 663 1094 ‚
685 1039 807 1102 quasi
825 1042 1057 1103 quisquam
1079 1042 1166 1087 hoc
1189 1053 1388 1088 nostrum
1418 1053 1619 1102 negaret,
1655 1042 1747 1088 dis-

378 1109 625 1176 putandum
648 1109 825 1171 putasti.
856 1110 964 1156 Haec
982 1111 1098 1156 enim
1125 1122 1225 1157 sunt
1249 1113 1301 1158 de
1328 1113 1413 1159 hac
1434 1130 1479 1158 re
1496 1113 1629 1159 verba
1657 1116 1749 1172 ejus
1814 1107 1822 1124 '⁸

379 1183 424 1229 in
445 1181 561 1226 libro
590 1179 644 1224 de
669 1179 909 1225 Paradiso1
934 1198 945 1225 :
980 1202 999 1222 α
1023 1181 1069 1226 Si
1097 1182 1230 1241 igitur
1262 1183 1373 1239 viro,
1405 1183 1578 1246 inquit,
1604 1182 1748 1245 culpae

379 1262 530 1298 auctor
549 1260 611 1295 est
627 1249 784 1294 mulier
801 1286 812 1306 ,
837 1251 1208 1313 quemadmodum
1232 1270 1314 1316 pro
1334 1254 1452 1298 bono
1476 1252 1649 1298 videtur
1666 1251 1748 1296 ad-

375 1323 520 1384 Jecta‘?
548 1320 710 1366 Verum
733 1319 767 1364 si
798 1320 1067 1377 consideres,
1103 1322 1206 1384 quia
1241 1325 1332 1368 Deo
1366 1322 1656 1368 universitatis
1688 1331 1751 1366 est

380 1411 508 1448 cura,
530 1391 718 1437 invenies
743 1389 840 1452 plus
871 1390 1041 1452 placere
1065 1393 1256 1438 Domino
1293 1393 1490 1439 debuisse
1521 1393 1567 1438 id
1591 1393 1636 1438 in
1662 1407 1750 1454 quo

380 1474 486 1509 esset
519 1477 648 1506 causa
683 1459 1000 1516 universitatis,
1040 1478 1171 1523 quam
1208 1462 1591 1508 condemnandum
1623 1461 1751 1507 fuisse

379 1531 490 1578 illud
512 1531 559 1576 in
582 1546 669 1593 quo
693 1539 797 1574 esset
825 1545 953 1574 causa
984 1532 1170 1592 peccati.
1208 1532 1311 1577 Ideo
1342 1533 1445 1595 quia
1477 1550 1524 1578 ex
1549 1532 1642 1578 viro
1661 1531 1750 1577 solo

380 1620 468 1649 non
486 1610 658 1664 poterat
673 1599 857 1643 humani
873 1616 958 1644 esse
974 1601 1137 1659 generis
1153 1603 1408 1665 propagatio
1421 1640 1431 1659 ,
1451 1601 1752 1666 pronuntiavit

382 1672 597 1719 Dominus
615 1706 625 1726 ,
652 1685 740 1714 non
757 1685 842 1713 esse
859 1669 1025 1715 bonum
1043 1671 1183 1717 solum
1200 1672 1422 1718 hominem
1442 1673 1569 1719 esse2.
1596 1671 1754 1718 Maluit

380 1743 495 1788 enim
518 1743 631 1786 Deus
653 1739 800 1802 plures
823 1756 908 1784 esse
922 1776 934 1795 ‚
961 1757 1069 1803 quos
1091 1742 1229 1788 salvos
1246 1742 1385 1787 facere
1403 1753 1568 1805 posset,
1591 1741 1752 1804 quibus

383 1813 564 1859 donaret
584 1820 814 1874 peccatum
829 1846 841 1863 ‚
865 1825 997 1871 quam
1018 1827 1154 1856 unum
1178 1812 1317 1857 solum
1349 1812 1487 1858 Adam
1505 1811 1620 1874 ‚qui
1642 1810 1753 1855 liber

383 1893 488 1928 esset
513 1900 535 1928 a
572 1881 716 1943 culpa.
760 1880 958 1942 Denique
995 1882 1096 1942 quia
1130 1882 1269 1938 idem⁷
1311 1883 1486 1946 inquit,
1529 1882 1753 1943 utriusque

382 1964 535 1998 auctor
554 1962 616 1998 est
639 1950 780 2014 operis
794 1986 805 2004 ,
831 1950 949 1994 venit
967 1950 1012 1994 in
1034 1950 1154 1996 hunc
1183 1952 1396 1998 mundum
1413 1989 1424 2007 ,
1458 1963 1506 1997 ut
1527 1951 1664 1997 salvos
1683 1949 1751 1994 fa-

383 2035 497 2068 ceret
530 2032 792 2085 peccatores.
835 2019 1059 2064 Postremo
1092 2038 1171 2065 nec
1214 2024 1323 2066 Cain
1364 2021 1589 2085 parricidii
1629 2035 1752 2065 reum

381 2093 504 2154 prius
533 2109 666 2156 quam
698 2098 916 2150 generaret
946 2088 1085 2145 filios,
1121 2108 1272 2153 passus
1296 2102 1356 2136 est
1389 2092 1576 2138 interire.
1608 2091 1747 2149 Ergo,

379 2162 540 2225 inquit,
559 2172 738 2225 propter
751 2158 1064 2219 generationem
1084 2161 1360 2206 successionis
1375 2161 1582 2207 humanae
1599 2159 1753 2207 debuit

380 2232 536 2277 mulier
559 2232 689 2290 adjici
715 2231 823 2276 viro.
852 2249 869 2270 1>

446 2303 567 2348 XXI.
611 2301 757 2346 Habes
781 2316 879 2345 ecce
907 2299 1185 2344 Ambrosium
1219 2299 1437 2346 doctorem
1462 2318 1605 2347 meum
1625 2338 1636 2356 ‚
1664 2312 1705 2347 et
1730 2316 1752 2345 a

380 2381 456 2416 tuo
473 2369 812 2416 memorabiliter
831 2368 1121 2430 praedicatum
1139 2405 1150 2423 ,
1173 2379 1213 2413 et
1233 2386 1342 2431 opus
1368 2372 1447 2415 Dei
1473 2387 1559 2416 esse
1580 2389 1751 2417 omnem

379 2440 601 2486 hominem
628 2450 754 2502 atque
786 2438 976 2482 hominis
1001 2454 1171 2482 carnem
1191 2474 1202 2493 ,
1239 2449 1280 2483 et
1303 2439 1440 2484 bonas
1462 2457 1547 2485 esse
1576 2441 1752 2503 nuptias

379 2510 424 2557 in
444 2520 658 2574 quantum
678 2517 779 2554 sunt
809 2508 979 2569 nuptiae
998 2542 1009 2562 ,
1037 2523 1124 2551 non
1149 2507 1279 2552 modo
1308 2508 1536 2569 fatentem,
1573 2527 1750 2559 verum-

427 2594 436 2615 ¹
459 2591 618 2624 Ambrosii
635 2591 674 2623 de
690 2589 846 2629 Paradiso,
862 2600 929 2633 cap.
948 2600 999 2624 xo.
1014 2606 1062 2615 —
1081 2588 1096 2613 2
1114 2591 1200 2624 Gen.
1221 2599 1255 2630 ¹1,
1276 2591 1327 2625 18.

1784 0 1794 122 ἶ

1786 125 1789 165 i

1788 166 1789 191 1

1789 317 1791 351 Ι

1789 390 1792 473 ἶ

1790 480 1794 534 ἱ

1791 596 1795 646 3

1793 693 1796 763 j
1817 722 1820 728 .

1794 765 1797 812 Ι
