1843 3190
281 350 455 381 CONTRA
488 348 714 379 JULIANUM
749 349 1055 392 PELAGIANUM,
1095 352 1181 383 LIB.
1227 355 1285 383 VI.
1359 337 1449 399 [117

89 414 302 478 templum
328 414 410 459 Dei
430 451 441 470 ‚
481 413 585 477 quia
623 412 865 460 aedificatur
893 416 937 460 in
974 415 1136 479 templo
1166 417 1262 464 Dei.
1304 418 1456 462 Matris

89 486 256 548 quippe
274 500 434 548 corpus
454 493 501 529 ut
523 494 629 529 esset
657 484 869 546 templum
895 486 994 541 Dei,
1019 486 1167 545 gratiae
1194 487 1458 532 beneficium

88 565 167 611 est,
194 571 283 600 non
298 566 468 600 naturae
489 570 499 597 ε
521 569 619 615 quae
639 554 773 612 gratia
798 570 886 598 non
909 556 1214 617 conceptione,
1239 555 1311 601 sed
1335 572 1460 615 rege-

88 626 310 670 neratione
329 622 564 669 confertur.
588 624 701 668 Nam
729 623 764 667 si
780 622 836 668 ad
863 624 1009 668 matris
1029 641 1187 687 corpus
1210 625 1256 670 id
1281 624 1400 688 quod
1414 625 1458 670 in

89 711 138 740 ea
158 695 408 757 concipitur
442 692 676 755 pertineret
693 729 704 747 ,
734 693 794 737 ita
817 703 866 738 ut
896 697 985 752 ejus
1012 711 1111 756 pars
1138 694 1455 757 deputaretur3

92 780 182 809 non
196 761 664 825 baptizareturinfans,
691 764 814 820 cujus
838 773 974 808 mater
992 763 1212 826 baptizata
1231 775 1292 809 est
1317 763 1462 826 aliquo

93 834 242 879 mortis
257 843 433 893 urgente
445 831 657 895 pericu10‚
681 848 780 877 cum
804 849 901 878 eum
917 844 1096 893 gestaret
1114 835 1159 879 in
1178 845 1312 881 utero,
1335 836 1463 879 Nunc

93 920 194 949 vero
217 920 317 949 cum
343 905 471 949 etiam
495 903 586 965 ipse
615 902 865 964 baptizatur
887 940 898 958 ,
926 920 1012 947 non
1037 904 1187 967 utique
1222 904 1290 949 bis
1314 903 1467 966 bapti-

93 985 213 1019 zatus
236 974 490 1020 habebitur.
521 973 620 1017 Non
653 973 797 1034 itaque
825 973 880 1018 ad
913 984 1153 1020 maternum
1180 991 1339 1037 corpus
1366 990 1469 1019 cum

93 1055 199 1090 esset
222 1045 267 1090 in
292 1055 414 1090 utero
431 1043 678 1107 pertinebat
699 1061 709 1087 :
740 1055 781 1088 et
806 1054 948 1088 tamen
973 1045 1203 1089 creabatur
1225 1045 1270 1089 in
1306 1043 1470 1106 templo

94 1115 192 1170 Dei,
215 1132 303 1160 non
323 1114 537 1177 templum
554 1113 648 1159 Dei.
676 1113 796 1158 Itain
812 1113 994 1159 foemina
1015 1114 1133 1159 fideli
1154 1125 1320 1160 creatus
1331 1114 1470 1159 estin-

94 1184 258 1241 fidelis,
293 1195 335 1229 et
372 1185 418 1230 in
456 1201 554 1228 eum
586 1194 785 1245 parentes
830 1183 1130 1228 infidelitatem
1175 1189 1471 1244 trajecerunt,

93 1271 228 1317 quam
253 1270 341 1299 non
357 1253 585 1298 habebant
607 1252 784 1315 quando
818 1270 865 1297 ex
883 1252 988 1315 ipsis
1007 1264 1134 1299 natus
1160 1265 1221 1299 est
1241 1291 1253 1310 ,
1275 1253 1348 1299 sed
1369 1264 1474 1299 tunc

93 1323 320 1369 habebant
343 1321 520 1385 quando
549 1332 590 1366 et
607 1322 690 1384 ipsi
710 1322 907 1367 similiter
934 1323 1026 1368 nati
1050 1334 1162 1370 sunt.
1193 1325 1476 1383 Trajecerunt

95 1410 212 1453 ergo,
236 1392 357 1456 quod
372 1396 464 1452 jam
489 1409 578 1437 non
599 1402 690 1437 erat
726 1393 771 1437 in
795 1394 852 1438 eis
867 1430 878 1449 ‚
901 1404 1083 1456 propter
1108 1411 1251 1438 semen
1283 1392 1476 1456 spiritale

95 1481 183 1526 quo
202 1463 437 1523 regenerati
462 1473 586 1516 sunt3
620 1462 692 1508 sed
725 1474 816 1510 erat
839 1463 884 1509 in
905 1479 1055 1508 eorum
1088 1463 1254 1510 carnali
1284 1464 1443 1509 semine
1461 1499 1472 1518 ‚

93 1550 182 1597 quo
204 1550 304 1578 eum
328 1542 651 1592 generaverunt.

159 1603 316 1650 XLIV.
344 1602 553 1659 Quamvis
573 1602 719 1665 itaque
739 1618 862 1647 sacro
900 1603 1162 1666 baptismate
1180 1603 1474 1649 sanctificetur

95 1681 137 1716 et
150 1688 335 1734 corpus3
358 1671 413 1716 ad
427 1671 512 1716 hoc
531 1681 676 1716 tamen
691 1671 1001 1725 sanctificatur9
1024 1683 1072 1718 ut
1086 1690 1165 1735 per
1182 1673 1476 1717 remissionem

94 1752 377 1805 peccatorum
399 1758 487 1787 non
527 1741 667 1786 solum
688 1742 921 1804 praeteritis
941 1743 1133 1805 peccatis
1156 1743 1376 1799 omnibus,
1397 1759 1476 1788 ve-

96 1812 327 1857 rumetiam
350 1812 434 1875 ipsi
464 1827 564 1874 quae
594 1812 702 1857 inest
737 1812 878 1857 carnis
912 1812 1278 1876 concupiscentiae
1311 1828 1399 1857 non
1423 1812 1477 1857 sit

97 1881 368 1935 obnoxium3
393 1881 465 1926 cui
489 1897 656 1926 necesse
679 1891 741 1926 est
767 1881 978 1927 obnoxius
999 1882 1140 1927 omnis
1168 1882 1303 1927 homo
1321 1898 1478 1926 nasca-

97 1962 187 2009 tur,
215 1954 344 1997 etiam
374 1951 611 1997 moriturus
635 1951 846 1997 obnoxius
864 1988 876 2007 ‚
897 1952 931 1997 si
955 1969 1045 1998 non
1081 1963 1345 1998 renascatur.
1388 1952 1479 1997 Ubi

97 2038 198 2082 ergo
221 2039 290 2068 me
310 2021 469 2068 audisti
482 2022 568 2068 sive
583 2021 720 2080 legisti
739 2019 956 2067 dicentem
982 2039 993 2066 :
1025 2043 1045 2064 c<
1071 2024 1170 2068 Non
1187 2022 1386 2068 innovari
1398 2022 1476 2066 ho-

97 2093 232 2137 mines
249 2109 329 2155 per
351 2093 639 2155 baptismum,
667 2090 739 2136 sed
763 2092 886 2154 quasi
904 2092 1133 2145 innovari3
1156 2109 1244 2137 non
1263 2091 1469 2147 liberari,

98 2161 172 2207 sed
186 2162 310 2225 quasi
331 2162 536 2214 liberari3
559 2178 647 2206 non
671 2161 843 2217 salvari,
865 2162 938 2207 sed
959 2162 1082 2225 quasi
1100 2162 1272 2218 salvari,
1301 2183 1321 2203 »
1346 2162 1472 2207 Absit

98 2241 148 2277 ut
178 2247 254 2290 ego
274 2232 445 2276 inanem
475 2231 663 2277 dicerem
683 2231 863 2290 gratiam
881 2231 1045 2277 lavacri
1064 2231 1196 2287 illius,
1232 2232 1277 2276 in
1296 2248 1384 2294 quo
1407 2247 1472 2276 re-

98 2311 226 2346 natus
244 2318 339 2346 sum
360 2318 407 2346 ex
426 2317 539 2364 aqua
565 2311 606 2346 et
625 2301 802 2363 spiritu,
824 2318 911 2363 qua
930 2300 1138 2347 liberatus
1177 2318 1271 2347 sum
1301 2319 1324 2346 a
1348 2311 1470 2346 reatu

98 2371 295 2416 omnium
313 2381 593 2434 peccatorum
609 2406 620 2426 ,
643 2369 711 2416 vel
734 2387 833 2433 quae
870 2371 1086 2416 nascendo
1127 2382 1335 2417 traxeram
1354 2406 1365 2428 ,
1401 2370 1470 2417 vel

99 2456 199 2502 quae
216 2440 329 2486 male
341 2440 525 2487 vivendo
545 2450 840 2486 contraxeram
864 2458 873 2484 ε
902 2457 989 2503 qua
1005 2441 1169 2488 liberor
1194 2453 1242 2488 ut
1263 2441 1396 2487 sciam
1416 2457 1470 2486 ne

98 2510 254 2555 intrem
277 2510 321 2555 in
352 2511 631 2556 tentationem
662 2528 685 2554 a
710 2511 1062 2574 concupiscentia
1103 2530 1197 2558 mea
1227 2513 1468 2557 abstractus

99 2589 142 2625 et
167 2579 360 2636 illectUS,
398 2592 525 2643 atque
565 2591 614 2627 ut
641 2581 844 2627 exaudiar
874 2581 1020 2628 dicens
1058 2600 1159 2629 cum
1194 2581 1468 2628 consortibus

229 2683 357 2715 cxmr.
1282 2684 1340 2733 27
