1843 3190
316 311 407 358 270
734 309 770 338 S.
814 306 1059 337 AUGUSTINI
1094 306 1301 337 EPISCOPI

311 376 513 422 videntur
522 376 660 427 bona,
675 391 764 419 non
777 384 920 418 tamen
931 390 1001 419 eos
1015 373 1066 419 ad
1082 373 1261 420 salutem
1273 373 1575 437 sempiternam
1590 393 1680 437 reg-
1706 402 1718 409 -

311 463 504 510 numque
515 444 725 509 perducet
739 447 757 489 i>
771 443 878 489 scito
893 461 970 489 nos
984 444 1272 501 illudbonum
1281 444 1510 491 hominum
1522 446 1682 504 dicere,

311 517 430 563 illam
446 516 712 563 voluntatem
732 515 891 560 bonam
903 552 912 569 ‚
933 514 1042 560 illud
1062 532 1172 578 opus
1182 516 1370 570 bonum,
1387 515 1476 561 sine
1494 516 1573 561 Dei
1589 533 1683 577 gra-

311 587 370 632 tia
391 604 490 650 quae
504 586 634 631 datur
650 602 728 648 per
739 584 1173 646 unumssMediatorem
1195 585 1275 630 Dei
1301 595 1342 630 et
1362 585 1592 631 hominum
1608 604 1687 632 ne-

310 658 416 702 mini
433 674 551 720 posse
566 656 750 702 conferri
766 677 777 710 3
800 673 877 719 per
893 655 1009 718 quod
1025 656 1161 702 solum
1171 657 1305 701 homo
1320 666 1461 719 potest
1486 656 1539 702 ad
1558 668 1687 703 aeter-

311 744 414 772 num
453 728 533 772 Dei
569 727 734 772 donum
770 743 1038 789 regnumque
1073 726 1270 789 perduci.
1317 727 1476 772 Omnia
1500 727 1685 790 proinde

310 808 463 842 caetera
483 814 580 860 quae
594 796 798 860 videntur
822 795 933 840 inter
954 796 1150 841 homines
1167 796 1330 840 habere
1345 795 1510 861 aliquid
1525 796 1683 855 laudis,

309 866 539 913 videantur
557 867 638 912 tibi
649 866 832 911 virtutes
851 883 979 922 verce³
992 865 1225 912 videantur
1245 883 1376 928 opera
1392 866 1525 921 bona,
1543 877 1584 912 et
1600 867 1688 927 sine

309 937 396 983 ullo
414 937 525 984 facta
537 936 873 1002 peccato.Quod
889 936 941 981 ad
960 954 1026 982 me
1039 937 1243 1001 pertinet,
1257 937 1346 982 hoc
1359 937 1466 994 scio,
1482 937 1583 1000 quia
1598 955 1687 996 non

306 1027 354 1055 ea
369 1010 474 1056 facit
488 1009 687 1055 voluntas
704 1008 819 1063 hona
841 1024 850 1051 :
871 1006 1073 1052 voluntas
1086 1007 1252 1071 quippe
1268 1006 1453 1052 infidelis
1468 1015 1594 1071 atque
1606 1007 1687 1053 im-

305 1081 380 1143 pia
402 1098 489 1126 non
516 1090 577 1125 cst
607 1080 738 1124 bona.
769 1077 984 1122 Dicantur
1001 1077 1242 1123 secundum
1263 1088 1304 1122 te
1323 1076 1579 1135 hujusmodi
1606 1094 1687 1123 vo-

304 1152 490 1198 luntates
517 1151 690 1205 arbores
713 1149 844 1193 bonae
860 1184 870 1202 ‚
898 1147 1056 1193 sufficit
1079 1147 1198 1211 quod
1225 1146 1342 1210 apud
1362 1148 1500 1192 Deum
1521 1147 1682 1194 steriles

306 1234 423 1279 sunt,
446 1240 493 1269 ac
507 1239 585 1286 per
597 1221 686 1266 hoc
705 1236 793 1264 non
808 1218 937 1264 bonae
955 1240 965 1276 3
984 1218 1069 1264 sint
1085 1219 1196 1264 inter
1216 1217 1414 1263 homines
1430 1216 1683 1280 fructuosae,

303 1293 415 1339 inter
431 1310 539 1357 quos
558 1300 658 1337 sunt
676 1300 718 1335 et
735 1290 867 1335 bonae
883 1326 894 1345 ‚
922 1299 963 1335 te
989 1299 1162 1335 auctore
1184 1326 1195 1345 ,
1223 1298 1264 1333 ῖθ
1282 1287 1509 1333 laudatore
1525 1325 1534 1343 ‚
1564 1288 1599 1333 si
1623 1288 1685 1334 vis

303 1365 431 1410 etiam
453 1363 698 1427 plantatore
718 1377 727 1404 ε
751 1358 856 1405 dum
879 1369 1021 1404 tamen
1045 1358 1155 1404 iilud
1176 1358 1279 1404 velis
1302 1357 1412 1402 nolis
1439 1357 1682 1414 obtineam,

303 1434 422 1497 quod
441 1450 559 1481 amor
577 1430 731 1477 mundi
748 1467 759 1486 ,
779 1446 866 1492 quo
888 1429 1071 1492 quisque
1091 1429 1254 1474 amicus
1275 1437 1336 1472 est
1356 1427 1490 1486 hujus
1504 1426 1681 1484 mundi,

301 1522 390 1550 non
412 1515 474 1550 est
500 1522 522 1549 a
548 1505 640 1549 Deo
663 1519 675 1547 ε
703 1516 911 1563 amorque
936 1499 1108 1544 fruendi
1132 1499 1485 1563 quibuscumque
1515 1508 1689 1543 creatu-

301 1576 359 1622 ris
387 1576 475 1621 sine
512 1591 656 1620 amore
696 1571 937 1627 memoris,
976 1587 1066 1615 non
1098 1581 1161 1616 est
1186 1588 1208 1616 a
1238 1572 1357 1616 Deo:
1385 1586 1507 1614 amor
1540 1579 1686 1614 autem

300 1647 381 1691 Dei
399 1663 485 1709 quo
504 1644 756 1709 pervenitur
782 1642 837 1687 ad
864 1643 1032 1697 Deum,
1069 1658 1158 1686 non
1196 1651 1257 1686 est
1290 1640 1371 1685 nisi
1398 1657 1420 1684 a
1444 1639 1535 1685 Deo
1562 1643 1687 1685 Patre

299 1734 377 1781 per
395 1718 541 1762 Jesum
561 1715 788 1760 Christum
809 1730 909 1758 cum
928 1712 1095 1775 Spiritu
1120 1721 1282 1757 sancto.
1313 1711 1397 1755 Per
1417 1710 1537 1755 hunc
1557 1726 1685 1755 amo-

299 1804 390 1833 rem
409 1785 622 1832 Creatoris
644 1821 654 1839 ,
683 1785 794 1829 bene
817 1783 1000 1846 quisque
1021 1783 1160 1827 utitur
1182 1782 1310 1827 etiam
1333 1779 1554 1826 creaturis.
1585 1779 1684 1825 Sine

298 1857 384 1903 hoc
411 1873 555 1902 amore
574 1854 793 1900 creatoris
810 1889 820 1908 ‚
848 1851 979 1898 nullis
1007 1852 1238 1915 quisquam
1271 1851 1380 1895 bene
1403 1849 1541 1895 utitur
1560 1866 1683 1894 crea-

298 1928 418 1974 turis.
450 1928 546 1972 Hoc
573 1942 671 1985 ergo
704 1940 849 1970 amore
884 1939 994 1985 opus
1031 1933 1115 1978 est,
1157 1932 1204 1966 ut
1229 1921 1398 1966 bonum
1424 1919 1679 1965 beatificum

297 1999 351 2045 sit
368 2010 408 2044 et
433 1996 649 2062 pudicitia
676 1992 940 2054 conjugalis,
985 2003 1034 2037 ut
1072 1992 1125 2037 sit
1160 1995 1251 2051 ejus
1287 1991 1470 2036 intentio
1501 1989 1679 2054 quando

298 2071 436 2116 utitur
459 2067 655 2127 conjugis
678 2082 829 2119 carne,
862 2081 948 2109 non
968 2063 1014 2108 in
1037 2062 1264 2125 voluptate,
1282 2060 1478 2106 libidinis
1495 2097 1506 2116 ‚
1535 2059 1607 2105 sed
1632 2059 1678 2105 in

295 2140 520 2187 voluntate
543 2135 819 2200 propaginis;
845 2134 877 2179 si
901 2144 1042 2178 autem
1066 2132 1243 2186 vicerit,
1267 2141 1308 2176 et
1333 2140 1516 2193 propter
1537 2146 1579 2175 se
1603 2130 1615 2174 i
1620 2147 1678 2192 p-

295 2228 383 2256 sam
406 2226 491 2254 non
508 2217 689 2271 propter
707 2205 817 2250 filios
835 2202 1142 2267 propagandos
1159 2201 1251 2247 fieri
1270 2200 1435 2264 aliquid
1458 2199 1676 2245 extorserit

294 2292 336 2326 et
357 2279 557 2342 voluptas
575 2315 585 2334 ,
605 2276 770 2323 veni-aie
794 2285 1028 2339 peccatum
1051 2274 1103 2318 sit
1121 2283 1302 2336 propter
1321 2270 1498 2334 nuptias
1521 2269 1671 2314 Chris-

295 2352 444 2396 tianas.
1247 2361 1249 2363 ¹

357 2418 559 2467 XXXIV.
602 2417 700 2461 Non
736 2425 877 2460 autem
915 2413 999 2458 dixi
1016 2450 1026 2467 ‚
1063 2411 1179 2474 quod
1207 2410 1473 2473 interpositis
1508 2409 1600 2455 aliis
1623 2427 1669 2455 ex

290 2492 405 2538 libro
430 2505 524 2536 meo
543 2486 687 2533 verbis
707 2503 774 2530 mc
795 2484 946 2530 dixisse
969 2482 1109 2528 dixisti
1130 2519 1140 2537 ,
1168 2502 1187 2521 «
1210 2481 1313 2525 Ideo
1336 2480 1448 2526 filios
1481 2497 1567 2525 esse
1589 2480 1670 2525 sub

291 2561 455 2608 diaboli
481 2567 718 2623 potestate,
747 2555 849 2618 quia
886 2554 938 2599 de
973 2569 1208 2616 corporum
1237 2550 1543 2596 commixtione
1567 2567 1668 2595 nas-

291 2643 465 2679 cuntur,
491 2652 510 2671 »
528 2626 657 2674 Aliud
673 2636 734 2672 est
752 2625 862 2671 enim
885 2624 1026 2670 dicere
1040 2661 1051 2679 ‚
1070 2644 1090 2665 «
1111 2623 1199 2679 Qui
1218 2621 1270 2667 de
1289 2637 1525 2683 corporum
1543 2637 1668 2667 com-
