1843 3190
310 320 485 351 CONTRA
517 319 745 351 summum
781 319 1086 363 PELAGIANUM,
1125 323 1211 355 mn.
1254 325 1304 355 11.
1399 309 1485 365 143

116 383 297 443 gilanter
337 385 538 432 adversus
571 385 682 432 illud
711 384 870 446 dogma
905 397 1122 443 vestrum,
1160 405 1248 451 quo
1279 389 1324 433 in
1346 400 1486 436 vestra

115 454 274 500 virtute
302 456 545 514 confiditis,
581 457 668 503 hoc
698 457 742 503 in
768 458 975 503 Oratione
1000 458 1232 503 Dominica
1254 459 1484 521 exponitss?

117 524 190 569 Sic
208 526 322 571 enim
342 526 469 573 docet
491 545 502 572 ι
529 549 549 569 «
567 527 807 574 Peteudum
830 528 876 573 id
894 528 1041 590 potius
1067 546 1090 573 a
1115 529 1303 573 Domino
1320 565 1331 584 ‚
1355 545 1486 591 quam

116 594 169 640 de
192 597 380 659 propriis
402 597 570 643 viribus
602 598 983 662 praesumendum,
1016 609 1064 643 ut
1089 599 1201 644 inter
1234 616 1405 645 carnem
1437 617 1487 645 ac

115 667 317 730 spiritum
352 685 440 714 non
470 669 665 715 humana
691 670 858 726 virtus,
894 669 967 714 sed
1002 669 1139 729 gratia
1173 669 1305 715 faciat
1339 669 1486 716 divina

116 737 433 784 concordiam:
468 761 487 781 n
528 756 774 785 consonans
814 739 992 785 omnino
1037 738 1243 802 Apostolo
1280 738 1440 785 dicenti
1473 758 1483 784 ε

115 828 136 848 «
161 807 270 864 Quis
296 826 362 854 me
379 808 584 855 liberabit
606 809 660 855 de
673 827 857 873 corpore
874 810 1023 855 mortis
1048 810 1213 870 hujus?
1238 810 1390 856 Gratia
1411 811 1489 857 Dei

116 900 137 921 D
153 895 232 941 per
252 882 395 925 Jesum
421 880 645 926 Christum
671 881 909 926 Dominum
935 882 1176 928 nostrum2.
1204 902 1225 922 »

179 949 322 996 XVII.
364 950 444 996 His
474 961 516 996 et
549 963 724 997 sanctus
757 951 991 1011 Gregorius
1029 961 1257 997 attestatur
1293 951 1441 998 dicens
1475 971 1485 998 :

114 1038 135 1061 c<
155 1018 311 1064 Anima
330 1037 518 1084 namque
543 1038 644 1067 cum
663 1022 709 1067 in
729 1022 956 1067 laboribus
979 1021 1113 1067 fuerit
1132 1033 1174 1067 et
1196 1022 1243 1067 in
1260 1024 1464 1082 angustiis
1478 1062 1489 1077 ‚

115 1106 215 1136 cum
234 1090 450 1137 hostiliter
471 1102 648 1151 urgetur
675 1109 700 1137 a
731 1108 887 1147 carne,
920 1101 1026 1137 tunc
1057 1091 1113 1137 ad
1140 1092 1279 1137 Deum
1306 1092 1488 1153 refugit,

115 1169 157 1205 et
173 1162 394 1221 cognoscit
419 1161 533 1207 unde
553 1161 710 1207 debeat
730 1161 933 1207 auxilium
952 1178 1144 1225 poscere.
1172 1183 1192 1203 »
1220 1164 1282 1208 Ac
1305 1181 1358 1208 ne
1376 1165 1492 1226 quis-

115 1248 248 1294 quam
268 1232 314 1278 in
334 1233 403 1279 his
419 1233 563 1279 verbis
582 1232 779 1297 episcopi
803 1234 1001 1294 Gregorii
1025 1232 1240 1279 hostiliter
1269 1245 1491 1294 urgentem

116 1318 291 1349 carnem
310 1340 321 1359 ‚
348 1313 556 1367 tanquam
590 1321 636 1348 ex
670 1304 887 1350 contraria
909 1314 1068 1349 natura
1089 1303 1192 1350 mali
1211 1341 1222 1359 ‚
1254 1304 1493 1350 secundum

120 1373 467 1421 Manichaeorum
512 1374 722 1420 insaniam
767 1375 1040 1438 suspicetur3
1088 1375 1218 1420 etiam
1262 1375 1354 1438 ipse
1399 1375 1496 1421 vide

116 1445 487 1505 quemadmodum
509 1445 594 1490 suis
615 1445 825 1490 fratribus
849 1455 891 1491 et
912 1445 1254 1491 condoctoribus
1272 1446 1491 1501 concinat,

120 1513 279 1561 docens
306 1533 394 1561 non
418 1516 477 1561 ob
503 1515 622 1561 aliud
660 1515 861 1561 adversus
888 1532 1062 1561 carnem
1094 1515 1297 1578 spiritum
1330 1533 1497 1563 concu-

120 1584 307 1663 piscem?
346 1585 427 1631 nisi
466 1596 515 1631 ut
551 1602 628 1631 suo
664 1596 902 1663 utrumque
938 1596 1163 1632 revocetur
1200 1587 1364 1632 auctori
1398 1598 1498 1650 post

121 1656 421 1714 gravissimum
447 1656 491 1701 in
516 1656 601 1701 hac
640 1656 729 1701 vita
763 1657 825 1701 rei
860 1656 1086 1719 utriusque
1120 1657 1405 1714 conflictum,
1451 1659 1496 1703 in

122 1742 211 1789 quo
246 1725 418 1772 laborat
443 1727 638 1772 omnium
672 1726 761 1772 vita
791 1737 1055 1773 sanctorum.
1101 1728 1153 1772 ln
1185 1727 1301 1773 libro
1332 1729 1499 1791 quippe

124 1796 393 1860 apologetico
415 1815 426 1843 ε
450 1819 470 1839 «
489 1797 669 1844 Illorum
688 1813 789 1843 vero
808 1834 818 1853 ‚
845 1798 990 1861 inquit
1007 1834 1019 1854 ,
1045 1798 1280 1843 verborum
1303 1799 1500 1845 nondum

124 1866 236 1913 facio
261 1870 519 1915 mentionem
540 1907 551 1925 ‚
582 1869 743 1932 quibus
771 1869 886 1914 intra
906 1869 1193 1932 nosmetipsos
1218 1870 1408 1932 propriis
1432 1871 1501 1915 vi·
1526 1872 1535 1875 ”

126 1937 194 1982 tiis
228 1956 278 1984 ac
304 1940 578 2002 passionibus
604 1940 941 2002 impugnamur,
964 1950 1007 1984 et
1026 1938 1096 1984 die
1115 1950 1335 2002 noctuque
1354 1940 1499 2000 ignitis

127 2009 309 2055 stimulis
334 2011 530 2074 corporis
551 2009 814 2056 humilitatis
832 2010 964 2070 hujus
980 2020 1021 2055 et
1043 2009 1237 2073 corporis
1260 2011 1409 2056 mortis
1430 2028 1499 2056 ur-

127 2097 277 2139 gemur
293 2119 304 2138 ‚
333 2099 452 2128 nunc
478 2083 660 2128 latenter
674 2119 685 2137 ‚
714 2098 831 2127 nunc
849 2082 976 2126 etiam
996 2081 1140 2144 palam
1160 2083 1503 2143 provocantibus

128 2151 294 2214 ubique
320 2163 361 2197 et
394 2153 668 2198 irritantibus
699 2169 842 2197 rerum
869 2151 1108 2196 visibilium
1138 2151 1353 2197 illecebris
1371 2189 1381 2207 ,
1409 2152 1501 2197 luto

129 2221 215 2268 hoc
234 2222 353 2269 faecis
374 2224 445 2269 cui
467 2224 720 2268 inhaesimus
739 2260 748 2278 ,
777 2223 891 2268 coeni
915 2222 980 2267 sui
996 2223 1196 2267 foetorem
1226 2223 1343 2268 venis
1364 2240 1502 2286 capa-

130 2296 322 2342 cioribus
342 2293 567 2339 exhalante
586 2313 596 2345 ;
618 2292 689 2337 scd
711 2303 751 2337 et
771 2293 862 2351 lege
881 2292 1079 2354 peccati,
1104 2309 1205 2354 quae
1227 2303 1289 2337 est
1312 2293 1357 2338 in
1372 2311 1505 2338 mem-

130 2367 220 2411 bris
254 2364 440 2419 nostris,
482 2362 564 2422 legi
594 2363 770 2426 spiritus
803 2372 1102 2424 repugnante3
1145 2361 1248 2407 dum
1274 2362 1505 2422 imaginem

131 2437 290 2496 regiam
309 2473 320 2491 ‚
347 2451 446 2498 quae
470 2434 583 2478 intra
604 2450 680 2478 nos
700 2443 760 2478 est
781 2471 788 2485 2
817 2433 1035 2495 captivam
1072 2432 1231 2477 ducere
1251 2433 1395 2478 studet
1420 2452 1430 2478 ε
1460 2443 1508 2478 ut

133 2507 282 2571 spoliis
301 2509 392 2565 ejus
415 2504 541 2550 cedat
556 2542 567 2561 ,
593 2503 814 2568 quidquid
840 2503 949 2549 illud
973 2514 1034 2549 est
1053 2502 1176 2567 quod
1205 2504 1251 2549 in
1271 2521 1348 2550 nos
1372 2506 1510 2551 bene-

183 2623 192 2644 ¹
211 2622 280 2656 Lib.
302 2621 339 2654 de
359 2624 447 2654 Orat.
468 2621 637 2653 «lammina.
661 2639 705 2643 -
722 2620 736 2641 ‘⁴'
755 2623 848 2654 Rom.
870 2632 923 2658 111,
941 2627 981 2657 24
1001 2621 1105 2652 ‹2125-
