1843 3190
297 201 390 255 400·
721 218 755 255 ε..
800 216 1045 255 ᾼῦευεᾙω
1080 217 1283 257 ΕΡιεοοΡι.

300 297 421 335 nam,
447 279 481 325 si
498 290 640 343 potes,
660 280 707 325 in
726 280 966 335 infantibus
980 282 1355 345 culpam.Anvero
1374 301 1461 335 non
1481 284 1675 344 agnoscis

305 350 432 396 etiam
454 350 541 396 hoc
562 351 614 396 ad
638 351 749 403 illud
776 369 903 410 grave
923 356 1074 412 jugum
1106 354 1320 416 pertinere
1335 391 1346 410 ,
1371 354 1492 418 quod
1515 366 1576 404 est
1599 372 1675 407 su—

303 438 382 483 per
410 420 519 466 filios
547 421 711 477 Adam,
748 439 771 466 a
800 421 868 466 die
897 423 1030 472 exitus
1062 422 1115 468 de
1142 434 1290 469 ventre
1317 426 1467 471 matris
1495 442 1643 476 eorum
1663 462 1674 481 ,

304 507 440 553 usque
467 492 511 535 in
533 491 647 535 diem
668 491 904 554 sepulturae
923 492 969 537 in
993 503 1174 538 matrem
1195 494 1448 540 omnium1?
1476 494 1570 540 Sub
1589 512 1678 559 quo

295 565 404 621 jugo
431 560 609 607 diversis
633 561 834 608 cladibus
854 563 911 608 ita
938 564 1177 609 conteritur
1202 581 1334 623 genus
1348 565 1611 621 humanum,
1633 575 1681 612 ut

307 643 515 695 appareat
537 633 625 678 hoc
651 632 771 696 quod
793 650 840 678 ex
868 634 968 684 filiis
1002 635 1080 681 irae
1115 636 1227 680 fiunt
1253 635 1450 682 homines
1476 646 1682 700 tanquam

305 704 487 765 pignore
509 714 689 766 accepto
709 703 788 759 filii
811 704 1120 759 misericordiae
1139 743 1149 761 ,
1181 706 1226 751 in
1248 705 1449 752 futurum
1473 706 1681 757 saeculum

304 773 579 835 praeparari:
610 774 656 818 in
682 773 770 818 hoc
803 784 947 821 autem
980 775 1141 820 saeculo
1168 792 1192 819 a
1223 775 1291 820 die
1325 786 1446 821 ortus
1478 792 1614 839 usque
1639 776 1683 826 in

307 842 423 888 diem
441 843 588 888 obitus
610 880 620 898 ,
644 843 770 889 etiam
798 844 912 907 ipsos
940 844 1022 890 sub
1043 845 1193 891 eodem
1223 845 1341 905 gravi
1362 850 1470 906 jugo
1499 846 1680 894 conteri.

311 912 648 975 Qandoquidem
686 914 815 959 etiam
853 914 1067 977 baptizati
1091 916 1267 978 parvuli
1302 917 1415 967 inter
1453 916 1534 967 alia
1574 915 1689 967 mala

306 983 412 1030 vitae
439 983 574 1045 hujus
609 1002 926 1048 nonnunquam
965 997 1008 1032 et
1043 987 1147 1040 istos
1177 987 1427 1035 daemonum
1459 987 1689 1050 patiuntur

311 1054 510 1100 incursus
531 1074 542 1110 ς
566 1056 765 1118 quamvis
791 1056 903 1101 eruti
927 1055 980 1104 de
1007 1067 1218 1119 potestate
1236 1057 1534 1114 tenebrarum,
1559 1074 1612 1104 ne
1633 1057 1690 1107 ab

313 1125 370 1170 eis
390 1125 623 1172 trahantur
646 1126 692 1171 in
714 1126 981 1190 supplicium
1001 1129 1327 1191 sempiternum.

378 1195 566 1243 XXXII.
597 1197 759 1242 Iterum
782 1196 890 1242 dicis
910 1234 921 1253 ‚
951 1197 1174 1260 quodjam
1194 1198 1370 1261 quidem
1383 1196 1542 1253 dixisti,
1565 1208 1694 1260 atque

317 1266 524 1328 respondi
547 1304 559 1323 ,
587 1267 660 1312 sed
686 1267 815 1321 etiam
835 1284 954 1313 nunc
979 1286 1067 1313 non
1091 1269 1228 1314 debeo
1247 1268 1493 1331 praeterire,
1521 1289 1539 1308 c<
1561 1266 1694 1324 Quod

318 1353 417 1381 cum
441 1338 555 1382 Deus
572 1337 767 1399 parvulis
785 1336 898 1391 nihil
916 1337 968 1382 de
985 1338 1167 1401 proprio
1191 1348 1278 1382 tam
1303 1338 1410 1390 boni
1434 1354 1568 1400 quam
1593 1337 1696 1382 mali

320 1407 586 1453 merentibus
603 1407 784 1467 gloriam
810 1408 1142 1466 regenerationis
1163 1408 1387 1463 attribuit,
1407 1407 1495 1460 hoc
1510 1408 1605 1471 ipso
1627 1424 1698 1458 eos

321 1477 376 1523 ad
400 1494 522 1523 suam
545 1494 716 1533 curam,
744 1478 799 1523 ad
817 1482 1047 1538 suumjus‚
1071 1478 1125 1524 ad
1154 1494 1280 1524 suum
1317 1478 1560 1531 dominium
1592 1495 1698 1542 per-

322 1549 457 1594 tinere
473 1548 621 1603 docet,
640 1548 761 1611 quod
779 1565 925 1594 eorum
947 1548 1217 1594 voluntatem
1242 1548 1472 1601 ineffabilis
1487 1547 1700 1612 praevenit

326 1619 529 1673 beneficii
549 1618 759 1678 largitate.
783 1643 797 1658 »
833 1619 952 1675 Quid
982 1620 1113 1678 igitur
1136 1636 1235 1664 eum
1256 1618 1556 1674 offenderunt,
1590 1635 1701 1682 quos

325 1690 487 1755 pariter
520 1688 770 1734 innocentes
792 1725 803 1744 ‚
844 1688 1062 1745 mundos,
1102 1707 1125 1734 a
1156 1706 1197 1733 se
1229 1689 1283 1734 ad
1309 1689 1543 1748 imaginem
1579 1705 1700 1741 suam

326 1770 508 1815 creatos,
534 1758 871 1814 innumerabiles
890 1759 946 1804 ab
969 1759 1048 1808 isto
1071 1776 1247 1809 munere
1268 1759 1440 1813 alienat,
1457 1776 1534 1812 nec
1551 1775 1703 1809 eorum

324 1832 594 1878 voluntatem
619 1829 752 1890 hujus
777 1829 1007 1885 ineffabilis
1024 1830 1237 1893 praevenit
1260 1830 1462 1883 beneficii
1483 1830 1700 1890 largitate,

327 1918 528 1965 separans
554 1911 617 1945 tot
637 1900 843 1959 imagines
872 1917 969 1945 suas
988 1919 1010 1946 a
1037 1918 1169 1960 regno
1202 1903 1315 1946 suo?
1341 1901 1385 1945 Si
1416 1900 1503 1955 hoc
1531 1901 1590 1946 eis
1616 1918 1704 1951 non

325 1976 407 2019 erit
426 1971 610 2026 malnm,
632 1987 722 2015 non
743 1987 843 2029 ergo
862 1971 1074 2019 amabunt
1103 1988 1284 2031 regnum
1310 1971 1388 2024 Dei
1407 1981 1470 2023 tot
1492 1971 1706 2024 innocen-

327 2056 390 2091 tes
406 2042 613 2102 imagines
634 2041 725 2087 Dei.
748 2042 793 2086 Si
810 2052 951 2097 autem
971 2043 1201 2097 amabunt,
1221 2053 1264 2087 et
1280 2052 1450 2088 tantum
1469 2042 1700 2099 amabunt,

327 2124 542 2180 quantum
565 2113 816 2168 innocentes
834 2130 978 2157 amare
1007 2112 1168 2158 debent
1193 2129 1375 2171 regnum
1401 2115 1493 2171 ejus
1513 2149 1524 2168 ‚
1566 2129 1589 2164 a
1617 2128 1705 2174 quo

327 2186 380 2239 ad
399 2185 536 2248 ipsius
566 2183 799 2242 imaginem
820 2193 1025 2238 creantur
1040 2220 1050 2238 ‚
1078 2183 1274 2229 nihil-ne
1299 2181 1402 2237 mali
1425 2182 1478 2234 de
1503 2181 1588 2235 hac
1611 2181 1706 2245 ipsa

325 2254 594 2319 separatione
613 2253 862 2316 patientur?
877 2254 1102 2309 Postremo
1123 2253 1310 2309 ubilibet
1329 2252 1432 2308 sint,
1457 2251 1706 2315 quomod&

320 2326 429 2381 libet
459 2325 543 2370 sint
572 2325 654 2370 sub
685 2326 780 2380 Deo
801 2323 977 2383 judice,
1009 2324 1089 2387 qui
1122 2340 1201 2379 nec
1235 2323 1323 2379 fato
1350 2322 1564 2385 premitur
1584 2357 1597 2377 ,
1626 2338 1705 2375 uec

323 2411 604 2460 personarum
627 2395 878 2457 acceptione
902 2394 1204 2457 corrumpitur
1222 2413 1233 2448 3
1263 2393 1311 2438 in
1333 2392 1449 2447 illius
1463 2391 1584 2452 regni
1606 2391 1705 2447 feli-

327 2467 458 2522 citate
479 2482 568 2520 non
585 2475 739 2521 erunt,
764 2465 843 2520 ubi
865 2476 992 2521 erunt
1015 2465 1092 2528 qui
1107 2464 1272 2528 pariter
1291 2463 1407 2520 nihil
1421 2463 1530 2528 boni
1548 2462 1705 2518 malive

381 2550 391 2571 ¹
412 2549 508 2581 Eccli.
526 2559 580 2587 xx„
606 2559 634 2581 1.
