1843 3190
306 261 399 327 398
725 279 759 310 5.
801 264 1044 308 mensum
1079 271 1284 310 EPISC'OPI

302 346 394 409 ipse
412 338 571 400 infans,
592 353 634 390 et
653 353 797 388 tacens
824 341 971 397 dicat,
1007 343 1207 389 Peritura
1227 353 1289 389 est
1323 343 1466 390 anima
1497 354 1592 391 mea
1626 345 1681 409 de

303 415 473 479 populo
497 432 591 460 meo
608 451 619 469 ‚
642 413 677 459 si
708 430 798 458 non
828 411 952 457 fuero
977 413 1260 460 circumcisus
1284 424 1437 461 octavo
1462 413 1531 461 die
1560 433 1570 460 :
1604 414 1681 480 qui

304 502 404 545 ergo
427 496 470 532 et
495 483 701 545 originale
722 483 887 529 malum
905 482 1148 530 diffitemini
1168 521 1179 540 ‚
1205 495 1246 530 et
1259 487 1431 546 Justum
1449 486 1589 531 Deum
1610 485 1681 532 fa-

305 555 475 612 temini,
504 555 613 619 quid
637 553 906 618 precaverim
934 553 1094 601 dicite:
1111 555 1227 600 Huic
1253 554 1411 600 infanti
1436 556 1564 601 tacite
1589 548 1682 602 cla—

304 626 442 671 manti
508 625 683 671 uoniam
711 622 952 687 loquacitas
977 633 1116 670 vestra
1150 623 1268 670 nulla
1298 624 1549 670 rationabili
1576 632 1682 672 roce

305 643 555 760 respondlet,
577 711 706 742 Voces
733 694 880 757 potius
900 703 1059 740 vestras
1076 695 1324 757 apostolicis
1350 695 1582 742 nobiscum
1599 706 1682 742 vo-

305 767 430 812 cibus
445 766 628 826 jungite.
656 766 771 820 Quae
795 764 880 808 sint
909 765 1022 809 enim
1053 779 1101 808 ex
1128 765 1383 827 parentibus
1402 802 1413 822 ,
1439 765 1507 810 vel
1536 768 1683 827 utrum

305 837 390 883 sint
416 837 546 882 etiam
572 835 655 881 alia
687 834 889 893 contagia
911 843 1194 897 peccatorum
1214 871 1225 891 ,
1260 834 1448 880 liberum
1472 836 1599 881 nobis
1622 831 1685 882 est

305 923 525 986 quaerere3
553 906 641 952 sive
664 905 718 950 sit
737 903 881 956 facile,
902 904 989 950 sive
1015 903 1206 961 difficile,
1229 905 1597 969 siveimpossib'ile
1613 910 1684 952 re-

305 978 483 1055 perire:
525 991 606 1040 per
644 989 781 1020 unum
819 983 962 1019 tamen
987 973 1255 1020 hominem
1243 992 1289 1020 ln
1320 975 1442 1022 hunc
1467 974 1684 1022 mundum

305 1049 482 1094 intrasse
514 1055 774 1110 peccatum,
806 1053 847 1089 et
873 1061 949 1107 pel
982 1055 1215 1107 peccatum
1248 1055 1457 1101 mortem,
1490 1055 1532 1091 et
1555 1047 1614 1091 ita
1638 1047 1684 1093 in'

306 1134 455 1163 omnes
472 1116 671 1162 homines
691 1114 989 1178 pertransisse,
1010 1115 1056 1159 in
1077 1131 1164 1178 quo
1182 1132 1327 1161 omnes
1339 1115 1681 1196 peccaverunt1·,

307 1187 430 1234 aliter
454 1187 582 1233 nobis
612 1186 675 1232 fas
708 1202 794 1231 esse
827 1202 914 1230 non
951 1186 1237 1232 existimemus
1276 1187 1497 1250 accipere,
1529 1187 1610 1234 nisi
1636 1187 1685 1234 ut

306 1276 452 1305 omnes
476 1267 668 1303 mortuos
687 1272 774 1301 esse
794 1254 1019 1301 credamus
1041 1257 1085 1301 in
1105 1256 1239 1319 primi
1264 1256 1455 1303 hominis
1472 1267 1654 1321 peccato
1669 1295 1682 1315 ‚

305 1347 387 1411 pro
413 1328 574 1392 quibus
591 1337 787 1373 mortuus
807 1335 868 1370 est
896 1325 1115 1382 Christus,
1137 1337 1180 1371 et
1205 1343 1352 1372 omnes
1376 1328 1486 1373 mori
1502 1339 1684 1390 peccato

307 1402 575 1465 quicumque
598 1396 918 1476 baptizantur
907 1413 951 1441 m
973 1396 1165 1444 Christo.

372 1471 516 1517 XXII.
553 1469 705 1515 sedin
731 1467 822 1513 aliis
855 1466 999 1513 verbis
1029 1468 1132 1513 meis
1153 1483 1291 1532 ‚quae
1311 1467 1429 1514 velut
1452 1462 1687 1515 refellenda

306 1540 547 1604 interponis
567 1537 853 1603 disputationi
884 1547 998 1584 tuae.
1026 1536 1162 1583 dicis.
1183 1559 1202 1578 α
1224 1539 1293 1582 Me
1311 1537 1490 1597 vulgum
1512 1538 1594 1584 tibi
1613 1555 1687 1584 ex-

308 1614 440 1659 citare
461 1622 666 1658 conatum
686 1630 698 1664 3
720 1632 739 1652 ›>
764 1608 973 1672 quoniam
990 1608 1077 1653 dixi
1096 1607 1114 1637 1
1131 1646 1142 1664 ‚
1170 1608 1355 1654 «Fidem
1374 1626 1462 1655 non
1487 1608 1688 1655 dubitare

308 1684 590 1730 christianam
608 1720 620 1737 ,
645 1698 777 1745 quam
803 1679 903 1725 novi
925 1679 1124 1726 haeretici
1159 1695 1413 1743 oppugnare
1434 1692 1683 1743 coeperunt⁹

308 1765 350 1800 et
367 1756 448 1815 [eos
484 1753 561 1816 qui
583 1751 756 1797 lavacro
784 1749 1114 1808 regenerationis
1149 1750 1389 1795 abluuntur
1409 1789 1419 1803 ‚
1455 1749 1609 1796 redimi
1633 1750 1688 1796 de

309 1824 477 1871 diaboli
508 1833 747 1887 potestate;
775 1831 816 1865 et
845 1837 921 1865 vos
951 1820 1028 1882 qui
1051 1820 1247 1865 nondum
1275 1820 1349 1865 tali
1369 1821 1688 1881 regeneratione

309 1895 525 1957 redempti
552 1903 678 1943 sunt,
701 1891 830 1937 etiam
858 1890 1065 1953 parvulos
1085 1891 1198 1936 filios
1224 1891 1551 1954 redemptorum
1571 1928 1582 1947 ‚
1605 1892 1686 1937 sub

309 1967 500 2027 ejusdem
527 1963 695 2010 diaboli
716 1979 802 2007 esse
830 1971 1042 2024 potestate
1074 1962 1270 2023 captivos
1295 1998 1305 2010 ,
1335 1962 1417 2006 nisi
1441 1972 1482 2006 et
1505 1962 1589 2024 ipsi
1611 1978 1686 2006 ea-

312 2038 411 2083 dem
434 2037 571 2096 gratia
593 2033 879 2080 redimantur.
905 2052 925 2072 n
960 2031 1093 2087 Quod
1112 2041 1161 2076 ut
1180 2030 1419 2094 apostolico
1442 2031 1686 2077 testimonio

312 2107 672 2171 comprobarem,
700 2125 719 2144 «
743 2102 808 2149 Ad
843 2114 989 2147 omnes
1010 2112 1156 2147 aetates
1185 2101 1271 2147 dixi
1299 2101 1515 2198 pertinere
1544 2101 1654 2147 illud
1672 2139 1683 2157 ‚

311 2177 365 2224 de
391 2196 477 2241 quo
497 2174 730 2240 Apostolus
752 2172 977 2236 loquitur.
1000 2172 1263 2217 beneficium
1285 2172 1400 2217 Dei2
1426 2172 1553 2228 :Qui
1576 2172 1688 2217 eruit

311 2266 389 2294 nos
412 2248 465 2293 de
488 2254 700 2310 potestate
720 2244 1018 2297 tenebramm,
1039 2252 1081 2287 et
1105 2253 1221 2286 trans
1227 2240 1363 2286 tulit
1352 2258 1396 2287 m
1415 2257 1594 2300 regnum
1620 2241 1686 2286 Fi-

310 2319 358 2364 lii
381 2318 606 2364 charitatis
629 2314 744 2361 suae3
753 2352 760 2360 .
784 2336 803 2355 ›>
825 2314 868 2358 Si
899 2312 984 2358 hac
1009 2313 1216 2357 sententi1
1247 2322 1396 2356 contla
1427 2328 1502 2355 ros
1533 2311 1688 2370 Vulgus

312 2399 538 2441 movetur,
569 2403 713 2431 nonne
753 2384 859 2429 hinc
884 2394 924 2428 te
961 2383 1108 2446 potius
1144 2381 1595 2443 oportet-advortere,
1611 2348 1687 2426 nita

312 2478 398 2506 esse
424 2457 643 2518 vulgatam
666 2466 708 2500 et
734 2454 852 2517 apud
875 2471 1021 2498 omnes
1049 2453 1351 2498 confirmatam
1377 2452 1499 2496 istam
1527 2451 1685 2497 catho-

311 2530 441 2577 licam
466 2529 622 2584 fidem,
649 2536 697 2572 ut
720 2542 799 2571 nec
821 2524 1022 2570 notitiam
1048 2523 1184 2586 possit
1212 2522 1359 2582 fugere
1389 2521 1684 2585 popularem?

358 2613 368 2635 ¹
387 2619 482 2648 Rom.
499 2622 527 2650 v,
553 2622 603 2642 12.
618 2626 662 2633 -—
679 2607 694 2629 ²
710 2606 779 2640 Lib.
800 2617 828 2637 ι.
846 2605 885 2637 de
902 2607 1004 2648 Nupt.
1028 2615 1099 2647 cap.
1114 2614 1168 2638 20.
1187 2619 1233 2627 —
1249 2600 1262 2627 3
1280 2604 1403 2635 Coloss.
1428 2615 1452 2640 1,
1473 2604 1527 2634 13.
