<?xml version="1.0" encoding="UTF-8"?>
<!DOCTYPE html PUBLIC "-//W3C//DTD XHTML 1.0 Transitional//EN"
    "http://www.w3.org/TR/xhtml1/DTD/xhtml1-transitional.dtd">
<html xmlns="http://www.w3.org/1999/xhtml" xml:lang="en" lang="en">
 <head>
  <title>
</title>
<meta http-equiv="Content-Type" content="text/html;charset=utf-8" />
  <meta name='ocr-system' content='tesseract 3.04.00' />
  <meta name='ocr-capabilities' content='ocr_page ocr_carea ocr_par ocr_line ocrx_word'/>
</head>
<body>
  <div class='ocr_page' id='page_1' title='image "./operaomniaaccura35auguuoft/operaomniaaccura35auguuoft_0031.png"; bbox 0 0 1843 3190; ppageno 0'>
   <div class='ocr_carea' id='block_1_1' title="bbox 0 0 60 3190">
    <p class='ocr_par' dir='ltr' id='par_1_1' title="bbox 0 0 60 3190">
     <span class='ocr_line' id='line_1_1' title="bbox 0 0 60 3190; baseline 0 0"><span class='ocrx_word' id='word_1_1' title='bbox 0 0 60 3190; x_wconf 95' lang='lat' dir='ltr'> </span> 
     </span>
    </p>
   </div>
   <div class='ocr_carea' id='block_1_2' title="bbox 120 254 1483 303">
    <p class='ocr_par' dir='ltr' id='par_1_2' title="bbox 120 254 1483 303">
     <span class='ocr_line' id='line_1_2' title="bbox 120 254 1483 303; baseline 0.011 -17"><span class='ocrx_word' id='word_1_2' title='bbox 120 254 293 290; x_wconf 79' lang='lat' dir='ltr'>CONTRA</span> <span class='ocrx_word' id='word_1_3' title='bbox 329 255 443 289; x_wconf 63' lang='grc' dir='ltr'>οῖ’-ΑΒ</span> <span class='ocrx_word' id='word_1_4' title='bbox 475 255 709 289; x_wconf 76' lang='lat' dir='ltr'>EPISTOLAS</span> <span class='ocrx_word' id='word_1_5' title='bbox 747 259 1115 302; x_wconf 66' lang='lat' dir='ltr'>PELAGIANonm,</span> <span class='ocrx_word' id='word_1_6' title='bbox 1155 264 1241 297; x_wconf 76' lang='lat' dir='ltr'>un.</span> <span class='ocrx_word' id='word_1_7' title='bbox 1284 267 1354 302; x_wconf 77' lang='lat'>111.</span> <span class='ocrx_word' id='word_1_8' title='bbox 1430 270 1483 303; x_wconf 64' lang='grc' dir='ltr'>αι</span> 
     </span>
    </p>
   </div>
   <div class='ocr_carea' id='block_1_3' title="bbox 46 323 1494 2486">
    <p class='ocr_par' dir='ltr' id='par_1_3' title="bbox 46 323 1494 1783">
     <span class='ocr_line' id='line_1_3' title="bbox 119 323 1492 385; baseline 0.009 -17"><span class='ocrx_word' id='word_1_9' title='bbox 119 323 338 383; x_wconf 79' lang='lat' dir='ltr'>pelagiani</span> <span class='ocrx_word' id='word_1_10' title='bbox 361 326 462 370; x_wconf 79' lang='lat' dir='ltr'>novi</span> <span class='ocrx_word' id='word_1_11' title='bbox 486 325 681 370; x_wconf 86' lang='lat' dir='ltr'>haeretici</span> <span class='ocrx_word' id='word_1_12' title='bbox 699 363 708 377; x_wconf 84' lang='grc'>,</span> <span class='ocrx_word' id='word_1_13' title='bbox 733 326 916 385; x_wconf 76' lang='lat' dir='ltr'>religiosi</span> <span class='ocrx_word' id='word_1_14' title='bbox 945 338 1157 374; x_wconf 76' lang='lat' dir='ltr'>ama-tores</span> <span class='ocrx_word' id='word_1_15' title='bbox 1182 341 1222 375; x_wconf 82' lang='lat' dir='ltr'>et</span> <span class='ocrx_word' id='word_1_16' title='bbox 1244 331 1492 382; x_wconf 71' lang='lat' dir='ltr'>laudatores</span> 
     </span>
     <span class='ocr_line' id='line_1_4' title="bbox 118 393 1491 451; baseline 0.009 -14"><span class='ocrx_word' id='word_1_17' title='bbox 118 393 321 440; x_wconf 86' lang='lat' dir='ltr'>videntur</span> <span class='ocrx_word' id='word_1_18' title='bbox 344 396 425 440; x_wconf 81' lang='lat' dir='ltr'>sibi</span> <span class='ocrx_word' id='word_1_19' title='bbox 444 413 528 440; x_wconf 83' lang='lat' dir='ltr'>esse</span> <span class='ocrx_word' id='word_1_20' title='bbox 556 406 804 441; x_wconf 80' lang='lat' dir='ltr'>sanctorum</span> <span class='ocrx_word' id='word_1_21' title='bbox 826 434 835 451; x_wconf 77' lang='lat'>‚</span> <span class='ocrx_word' id='word_1_22' title='bbox 862 397 892 441; x_wconf 87' lang='lat' dir='ltr'>si</span> <span class='ocrx_word' id='word_1_23' title='bbox 921 415 1005 442; x_wconf 86' lang='lat' dir='ltr'>nou</span> <span class='ocrx_word' id='word_1_24' title='bbox 1031 399 1217 444; x_wconf 71' lang='lat' dir='ltr'>audeant</span> <span class='ocrx_word' id='word_1_25' title='bbox 1242 401 1382 447; x_wconf 80' lang='lat' dir='ltr'>dicere</span> <span class='ocrx_word' id='word_1_26' title='bbox 1404 405 1491 449; x_wconf 85' lang='lat' dir='ltr'>im-</span> 
     </span>
     <span class='ocr_line' id='line_1_5' title="bbox 119 463 1492 525; baseline 0.007 -18"><span class='ocrx_word' id='word_1_27' title='bbox 119 463 323 525; x_wconf 84' lang='lat' dir='ltr'>perfectae</span> <span class='ocrx_word' id='word_1_28' title='bbox 351 466 446 510; x_wconf 83' lang='lat' dir='ltr'>illos</span> <span class='ocrx_word' id='word_1_29' title='bbox 476 465 604 509; x_wconf 81' lang='lat' dir='ltr'>fuisse</span> <span class='ocrx_word' id='word_1_30' title='bbox 632 466 802 510; x_wconf 70' lang='lat' dir='ltr'>virtutis</span> <span class='ocrx_word' id='word_1_31' title='bbox 820 503 830 520; x_wconf 78' lang='grc'>,</span> <span class='ocrx_word' id='word_1_32' title='bbox 867 484 965 510; x_wconf 81' lang='lat' dir='ltr'>cum</span> <span class='ocrx_word' id='word_1_33' title='bbox 1004 467 1090 512; x_wconf 84' lang='lat' dir='ltr'>hoc</span> <span class='ocrx_word' id='word_1_34' title='bbox 1131 471 1389 516; x_wconf 63' lang='lat' dir='ltr'>confiteatur</span> <span class='ocrx_word' id='word_1_35' title='bbox 1410 473 1492 518; x_wconf 73' lang='lat' dir='ltr'>Vas</span> 
     </span>
     <span class='ocr_line' id='line_1_6' title="bbox 117 532 1491 600; baseline 0.008 -25"><span class='ocrx_word' id='word_1_36' title='bbox 117 532 335 579; x_wconf 72' lang='lat' dir='ltr'>electionis</span> <span class='ocrx_word' id='word_1_37' title='bbox 351 534 387 590; x_wconf 72' lang='lat'>1,</span> <span class='ocrx_word' id='word_1_38' title='bbox 413 535 488 596; x_wconf 88' lang='lat' dir='ltr'>qui</span> <span class='ocrx_word' id='word_1_39' title='bbox 507 533 782 578; x_wconf 70' lang='lat' dir='ltr'>considerans</span> <span class='ocrx_word' id='word_1_40' title='bbox 801 535 875 579; x_wconf 85' lang='lat' dir='ltr'>ubi</span> <span class='ocrx_word' id='word_1_41' title='bbox 903 535 1050 581; x_wconf 76' lang='lat' dir='ltr'>adhuc</span> <span class='ocrx_word' id='word_1_42' title='bbox 1073 548 1177 582; x_wconf 81' lang='lat' dir='ltr'>esset</span> <span class='ocrx_word' id='word_1_43' title='bbox 1192 575 1202 592; x_wconf 85' lang='grc'>,</span> <span class='ocrx_word' id='word_1_44' title='bbox 1220 549 1260 582; x_wconf 83' lang='lat' dir='ltr'>et</span> <span class='ocrx_word' id='word_1_45' title='bbox 1279 541 1378 600; x_wconf 82' lang='lat' dir='ltr'>quia</span> <span class='ocrx_word' id='word_1_46' title='bbox 1397 558 1491 586; x_wconf 90' lang='lat' dir='ltr'>cor-</span> 
     </span>
     <span class='ocr_line' id='line_1_7' title="bbox 117 604 1494 673; baseline 0.007 -27"><span class='ocrx_word' id='word_1_47' title='bbox 117 618 199 663; x_wconf 90' lang='lat' dir='ltr'>pus</span> <span class='ocrx_word' id='word_1_48' title='bbox 229 604 347 665; x_wconf 86' lang='lat' dir='ltr'>quod</span> <span class='ocrx_word' id='word_1_49' title='bbox 383 605 705 665; x_wconf 77' lang='lat' dir='ltr'>corrumpitur,</span> <span class='ocrx_word' id='word_1_50' title='bbox 744 616 945 663; x_wconf 73' lang='lat' dir='ltr'>aggravat</span> <span class='ocrx_word' id='word_1_51' title='bbox 973 606 1158 651; x_wconf 82' lang='lat' dir='ltr'>animam</span> <span class='ocrx_word' id='word_1_52' title='bbox 1183 625 1192 651; x_wconf 92' lang='lat'><strong>:</strong></span> <span class='ocrx_word' id='word_1_53' title='bbox 1222 630 1238 646; x_wconf 73' lang='lat' dir='ltr'><em>a</em></span> <span class='ocrx_word' id='word_1_54' title='bbox 1265 609 1362 654; x_wconf 57' lang='lat' dir='ltr'>hon</span> <span class='ocrx_word' id='word_1_55' title='bbox 1389 611 1494 673; x_wconf 88' lang='lat' dir='ltr'>quia</span> 
     </span>
     <span class='ocr_line' id='line_1_8' title="bbox 115 675 1490 740; baseline 0.007 -24"><span class='ocrx_word' id='word_1_56' title='bbox 115 675 237 731; x_wconf 84' lang='lat' dir='ltr'>»jam</span> <span class='ocrx_word' id='word_1_57' title='bbox 266 675 522 736; x_wconf 79' lang='lat' dir='ltr'>acceperim,</span> <span class='ocrx_word' id='word_1_58' title='bbox 544 675 618 725; x_wconf 69' lang='lat' dir='ltr'>ait,</span> <span class='ocrx_word' id='word_1_59' title='bbox 637 684 810 733; x_wconf 67' lang='lat' dir='ltr'>autjznn</span> <span class='ocrx_word' id='word_1_60' title='bbox 828 675 1043 736; x_wconf 80' lang='lat' dir='ltr'>perfectus</span> <span class='ocrx_word' id='word_1_61' title='bbox 1061 677 1136 720; x_wconf 84' lang='lat' dir='ltr'>sim</span> <span class='ocrx_word' id='word_1_62' title='bbox 1152 678 1192 723; x_wconf 75' lang='lat'>2.</span> <span class='ocrx_word' id='word_1_63' title='bbox 1219 678 1386 730; x_wconf 74' lang='lat' dir='ltr'>fratres,</span> <span class='ocrx_word' id='word_1_64' title='bbox 1412 698 1490 740; x_wconf 84' lang='lat' dir='ltr'>ego</span> 
     </span>
     <span class='ocr_line' id='line_1_9' title="bbox 115 743 1487 812; baseline 0.007 -27"><span class='ocrx_word' id='word_1_65' title='bbox 115 762 135 782; x_wconf 69' lang='lat'>&gt;2</span> <span class='ocrx_word' id='word_1_66' title='bbox 162 758 228 786; x_wconf 88' lang='lat' dir='ltr'>me</span> <span class='ocrx_word' id='word_1_67' title='bbox 250 745 391 805; x_wconf 90' lang='lat' dir='ltr'>ipsum</span> <span class='ocrx_word' id='word_1_68' title='bbox 417 760 502 788; x_wconf 90' lang='lat' dir='ltr'>non</span> <span class='ocrx_word' id='word_1_69' title='bbox 527 743 716 787; x_wconf 78' lang='lat' dir='ltr'>arbitror</span> <span class='ocrx_word' id='word_1_70' title='bbox 743 744 1094 805; x_wconf 55' lang='lat' dir='ltr'>apprehendisse.</span> <span class='ocrx_word' id='word_1_71' title='bbox 1116 768 1136 787; x_wconf 71' lang='lat' dir='ltr'>n</span> <span class='ocrx_word' id='word_1_72' title='bbox 1158 748 1211 791; x_wconf 68' lang='lat' dir='ltr'>Et</span> <span class='ocrx_word' id='word_1_73' title='bbox 1238 748 1370 808; x_wconf 71' lang='lat' dir='ltr'>paulo</span> <span class='ocrx_word' id='word_1_74' title='bbox 1392 761 1487 812; x_wconf 83' lang='lat' dir='ltr'>post</span> 
     </span>
     <span class='ocr_line' id='line_1_10' title="bbox 114 813 1489 878; baseline 0.007 -23"><span class='ocrx_word' id='word_1_75' title='bbox 114 821 276 868; x_wconf 84' lang='lat' dir='ltr'>tamen,</span> <span class='ocrx_word' id='word_1_76' title='bbox 299 813 376 875; x_wconf 90' lang='lat' dir='ltr'>qui</span> <span class='ocrx_word' id='word_1_77' title='bbox 399 830 440 858; x_wconf 87' lang='lat' dir='ltr'>se</span> <span class='ocrx_word' id='word_1_78' title='bbox 465 823 692 872; x_wconf 79' lang='lat' dir='ltr'>negaverat</span> <span class='ocrx_word' id='word_1_79' title='bbox 711 829 796 857; x_wconf 88' lang='lat' dir='ltr'>esse</span> <span class='ocrx_word' id='word_1_80' title='bbox 811 814 1052 875; x_wconf 84' lang='lat' dir='ltr'>perfectum</span> <span class='ocrx_word' id='word_1_81' title='bbox 1071 851 1081 870; x_wconf 84' lang='grc'>,</span> <span class='ocrx_word' id='word_1_82' title='bbox 1107 837 1124 855; x_wconf 72' lang='grc' dir='ltr'><em>α</em></span> <span class='ocrx_word' id='word_1_83' title='bbox 1143 816 1489 878; x_wconf 81' lang='lat' dir='ltr'>Quotquotergo</span> 
     </span>
     <span class='ocr_line' id='line_1_11' title="bbox 114 883 1492 946; baseline 0.006 -20"><span class='ocrx_word' id='word_1_84' title='bbox 114 905 134 923; x_wconf 77' lang='lat' dir='ltr'>n</span> <span class='ocrx_word' id='word_1_85' title='bbox 159 883 364 944; x_wconf 83' lang='lat' dir='ltr'>perfecti,</span> <span class='ocrx_word' id='word_1_86' title='bbox 386 884 544 946; x_wconf 84' lang='lat' dir='ltr'>inquit,</span> <span class='ocrx_word' id='word_1_87' title='bbox 570 883 655 928; x_wconf 88' lang='lat' dir='ltr'>hoc</span> <span class='ocrx_word' id='word_1_88' title='bbox 672 884 889 945; x_wconf 81' lang='lat' dir='ltr'>sapiamus</span> <span class='ocrx_word' id='word_1_89' title='bbox 904 883 921 911; x_wconf 79' lang='lat'>3</span> <span class='ocrx_word' id='word_1_90' title='bbox 944 900 955 928; x_wconf 72' lang='grc' dir='ltr'>ε</span> <span class='ocrx_word' id='word_1_91' title='bbox 979 905 998 925; x_wconf 85' lang='grc'><em>»</em></span> <span class='ocrx_word' id='word_1_92' title='bbox 1016 895 1064 928; x_wconf 93' lang='lat' dir='ltr'>ut</span> <span class='ocrx_word' id='word_1_93' title='bbox 1081 886 1322 931; x_wconf 70' lang='lat' dir='ltr'>ostenderet</span> <span class='ocrx_word' id='word_1_94' title='bbox 1341 905 1492 934; x_wconf 87' lang='lat' dir='ltr'>secun-</span> 
     </span>
     <span class='ocr_line' id='line_1_12' title="bbox 112 950 1485 1016; baseline 0.004 -20"><span class='ocrx_word' id='word_1_95' title='bbox 112 950 218 996; x_wconf 90' lang='lat' dir='ltr'>dum</span> <span class='ocrx_word' id='word_1_96' title='bbox 253 952 374 997; x_wconf 92' lang='lat' dir='ltr'>istius</span> <span class='ocrx_word' id='word_1_97' title='bbox 408 953 510 998; x_wconf 75' lang='lat' dir='ltr'>vitae</span> <span class='ocrx_word' id='word_1_98' title='bbox 551 952 729 997; x_wconf 90' lang='lat' dir='ltr'>modum</span> <span class='ocrx_word' id='word_1_99' title='bbox 759 969 844 997; x_wconf 87' lang='lat' dir='ltr'>esse</span> <span class='ocrx_word' id='word_1_100' title='bbox 880 954 1115 1015; x_wconf 76' lang='lat' dir='ltr'>quamdam</span> <span class='ocrx_word' id='word_1_101' title='bbox 1141 954 1450 1016; x_wconf 80' lang='lat' dir='ltr'>perfectionem</span> <span class='ocrx_word' id='word_1_102' title='bbox 1472 994 1485 1013; x_wconf 83' lang='lat'>‚</span> 
     </span>
     <span class='ocr_line' id='line_1_13' title="bbox 111 1021 1492 1087; baseline 0.003 -20"><span class='ocrx_word' id='word_1_103' title='bbox 111 1022 234 1085; x_wconf 88' lang='lat' dir='ltr'>eique</span> <span class='ocrx_word' id='word_1_104' title='bbox 251 1021 508 1085; x_wconf 88' lang='lat' dir='ltr'>perfectioni</span> <span class='ocrx_word' id='word_1_105' title='bbox 528 1023 614 1067; x_wconf 87' lang='lat' dir='ltr'>hoc</span> <span class='ocrx_word' id='word_1_106' title='bbox 640 1038 815 1084; x_wconf 89' lang='lat' dir='ltr'>quoque</span> <span class='ocrx_word' id='word_1_107' title='bbox 829 1022 1031 1084; x_wconf 81' lang='lat' dir='ltr'>deputari</span> <span class='ocrx_word' id='word_1_108' title='bbox 1048 1060 1058 1079; x_wconf 89' lang='lat'><strong>‚</strong></span> <span class='ocrx_word' id='word_1_109' title='bbox 1083 1024 1114 1068; x_wconf 88' lang='lat' dir='ltr'>si</span> <span class='ocrx_word' id='word_1_110' title='bbox 1143 1041 1184 1069; x_wconf 88' lang='lat' dir='ltr'>se</span> <span class='ocrx_word' id='word_1_111' title='bbox 1210 1025 1391 1087; x_wconf 84' lang='lat' dir='ltr'>quisque</span> <span class='ocrx_word' id='word_1_112' title='bbox 1412 1044 1492 1072; x_wconf 89' lang='lat' dir='ltr'>no·-</span> 
     </span>
     <span class='ocr_line' id='line_1_14' title="bbox 111 1091 1480 1156; baseline 0.004 -21"><span class='ocrx_word' id='word_1_113' title='bbox 111 1091 222 1136; x_wconf 83' lang='lat' dir='ltr'>verit</span> <span class='ocrx_word' id='word_1_114' title='bbox 258 1091 453 1137; x_wconf 88' lang='lat' dir='ltr'>nondum</span> <span class='ocrx_word' id='word_1_115' title='bbox 491 1109 577 1136; x_wconf 85' lang='lat' dir='ltr'>esse</span> <span class='ocrx_word' id='word_1_116' title='bbox 606 1091 864 1154; x_wconf 87' lang='lat' dir='ltr'>perfectum.</span> <span class='ocrx_word' id='word_1_117' title='bbox 910 1092 1029 1147; x_wconf 84' lang='lat' dir='ltr'>Quid</span> <span class='ocrx_word' id='word_1_118' title='bbox 1066 1094 1178 1137; x_wconf 87' lang='lat' dir='ltr'>enim</span> <span class='ocrx_word' id='word_1_119' title='bbox 1218 1093 1449 1156; x_wconf 83' lang='lat' dir='ltr'>perfectius</span> <span class='ocrx_word' id='word_1_120' title='bbox 1469 1133 1480 1151; x_wconf 88' lang='lat'><strong><em>‚</em></strong></span> 
     </span>
     <span class='ocr_line' id='line_1_15' title="bbox 110 1161 1486 1225; baseline 0.006 -21"><span class='ocrx_word' id='word_1_121' title='bbox 110 1161 274 1223; x_wconf 81' lang='lat' dir='ltr'>quidve</span> <span class='ocrx_word' id='word_1_122' title='bbox 292 1162 617 1208; x_wconf 86' lang='lat' dir='ltr'>excellentiusin</span> <span class='ocrx_word' id='word_1_123' title='bbox 638 1162 768 1206; x_wconf 84' lang='lat' dir='ltr'>veteri</span> <span class='ocrx_word' id='word_1_124' title='bbox 790 1162 955 1225; x_wconf 89' lang='lat' dir='ltr'>populo</span> <span class='ocrx_word' id='word_1_125' title='bbox 978 1164 1275 1209; x_wconf 77' lang='lat' dir='ltr'>sacerdotibus</span> <span class='ocrx_word' id='word_1_126' title='bbox 1294 1166 1486 1212; x_wconf 72' lang='lat' dir='ltr'>sanctis?</span> 
     </span>
     <span class='ocr_line' id='line_1_16' title="bbox 116 1232 1486 1296; baseline 0.004 -22"><span class='ocrx_word' id='word_1_127' title='bbox 116 1232 169 1275; x_wconf 72' lang='lat' dir='ltr'>lit</span> <span class='ocrx_word' id='word_1_128' title='bbox 193 1243 330 1277; x_wconf 78' lang='lat' dir='ltr'>tamen</span> <span class='ocrx_word' id='word_1_129' title='bbox 350 1233 408 1278; x_wconf 87' lang='lat' dir='ltr'>eis</span> <span class='ocrx_word' id='word_1_130' title='bbox 431 1232 645 1295; x_wconf 83' lang='lat' dir='ltr'>praecepit</span> <span class='ocrx_word' id='word_1_131' title='bbox 664 1233 780 1276; x_wconf 88' lang='lat' dir='ltr'>Deus</span> <span class='ocrx_word' id='word_1_132' title='bbox 798 1233 1057 1278; x_wconf 76' lang='lat' dir='ltr'>sacrificium</span> <span class='ocrx_word' id='word_1_133' title='bbox 1078 1234 1280 1296; x_wconf 83' lang='lat' dir='ltr'>primitus</span> <span class='ocrx_word' id='word_1_134' title='bbox 1302 1252 1384 1296; x_wconf 89' lang='lat' dir='ltr'>pro</span> <span class='ocrx_word' id='word_1_135' title='bbox 1399 1235 1486 1280; x_wconf 87' lang='lat' dir='ltr'>suis</span> 
     </span>
     <span class='ocr_line' id='line_1_17' title="bbox 111 1300 1484 1367; baseline 0.004 -22"><span class='ocrx_word' id='word_1_136' title='bbox 111 1302 262 1346; x_wconf 84' lang='lat' dir='ltr'>offerre</span> <span class='ocrx_word' id='word_1_137' title='bbox 284 1301 519 1364; x_wconf 44' lang='lat' dir='ltr'>peccatis&amp;</span> <span class='ocrx_word' id='word_1_138' title='bbox 549 1303 599 1346; x_wconf 85' lang='lat' dir='ltr'>Et</span> <span class='ocrx_word' id='word_1_139' title='bbox 620 1300 726 1363; x_wconf 84' lang='lat' dir='ltr'>quid</span> <span class='ocrx_word' id='word_1_140' title='bbox 755 1302 943 1346; x_wconf 81' lang='lat' dir='ltr'>sanctius</span> <span class='ocrx_word' id='word_1_141' title='bbox 962 1302 1005 1346; x_wconf 88' lang='lat' dir='ltr'>in</span> <span class='ocrx_word' id='word_1_142' title='bbox 1023 1320 1136 1348; x_wconf 73' lang='lat' dir='ltr'>novo</span> <span class='ocrx_word' id='word_1_143' title='bbox 1155 1303 1323 1366; x_wconf 85' lang='lat' dir='ltr'>populo</span> <span class='ocrx_word' id='word_1_144' title='bbox 1350 1307 1484 1367; x_wconf 54' lang='lat' dir='ltr'>Aposa</span> 
     </span>
     <span class='ocr_line' id='line_1_18' title="bbox 111 1371 1480 1435; baseline 0.003 -20"><span class='ocrx_word' id='word_1_145' title='bbox 111 1371 240 1417; x_wconf 62' lang='lat' dir='ltr'>toliS.3</span> <span class='ocrx_word' id='word_1_146' title='bbox 260 1374 314 1417; x_wconf 82' lang='lat' dir='ltr'>Et</span> <span class='ocrx_word' id='word_1_147' title='bbox 337 1382 480 1417; x_wconf 79' lang='lat' dir='ltr'>tamen</span> <span class='ocrx_word' id='word_1_148' title='bbox 497 1371 708 1435; x_wconf 57' lang='lat' dir='ltr'>praecepit</span> <span class='ocrx_word' id='word_1_149' title='bbox 725 1371 782 1415; x_wconf 85' lang='lat' dir='ltr'>eis</span> <span class='ocrx_word' id='word_1_150' title='bbox 808 1372 1019 1417; x_wconf 83' lang='lat' dir='ltr'>Dominus</span> <span class='ocrx_word' id='word_1_151' title='bbox 1034 1373 1077 1417; x_wconf 90' lang='lat' dir='ltr'>in</span> <span class='ocrx_word' id='word_1_152' title='bbox 1097 1375 1290 1418; x_wconf 81' lang='lat' dir='ltr'>oratione</span> <span class='ocrx_word' id='word_1_153' title='bbox 1308 1373 1451 1419; x_wconf 83' lang='lat' dir='ltr'>dicere</span> <span class='ocrx_word' id='word_1_154' title='bbox 1469 1411 1480 1429; x_wconf 86' lang='lat'><strong>‚</strong></span> 
     </span>
     <span class='ocr_line' id='line_1_19' title="bbox 46 1440 1483 1505; baseline 0.002 -20"><span class='ocrx_word' id='word_1_155' title='bbox 46 1475 54 1480; x_wconf 77' lang='lat'><em>-</em></span> <span class='ocrx_word' id='word_1_156' title='bbox 111 1461 129 1480; x_wconf 79' lang='grc' dir='ltr'>α</span> <span class='ocrx_word' id='word_1_157' title='bbox 154 1442 335 1486; x_wconf 80' lang='lat' dir='ltr'>Dimitte</span> <span class='ocrx_word' id='word_1_158' title='bbox 360 1441 485 1486; x_wconf 87' lang='lat' dir='ltr'>nobis</span> <span class='ocrx_word' id='word_1_159' title='bbox 509 1441 656 1486; x_wconf 79' lang='lat' dir='ltr'>debita</span> <span class='ocrx_word' id='word_1_160' title='bbox 679 1452 820 1484; x_wconf 79' lang='lat' dir='ltr'>nostra</span> <span class='ocrx_word' id='word_1_161' title='bbox 836 1440 868 1487; x_wconf 83' lang='lat'>5.</span> <span class='ocrx_word' id='word_1_162' title='bbox 888 1463 906 1481; x_wconf 71' lang='grc' dir='ltr'>υ</span> <span class='ocrx_word' id='word_1_163' title='bbox 931 1443 1139 1487; x_wconf 79' lang='lat' dir='ltr'>Omnium</span> <span class='ocrx_word' id='word_1_164' title='bbox 1157 1443 1286 1502; x_wconf 80' lang='lat' dir='ltr'>igitur</span> <span class='ocrx_word' id='word_1_165' title='bbox 1304 1443 1483 1505; x_wconf 85' lang='lat' dir='ltr'>piorum</span> 
     </span>
     <span class='ocr_line' id='line_1_20' title="bbox 109 1509 1486 1573; baseline 0.002 -19"><span class='ocrx_word' id='word_1_166' title='bbox 109 1509 192 1555; x_wconf 87' lang='lat' dir='ltr'>sub</span> <span class='ocrx_word' id='word_1_167' title='bbox 213 1510 299 1556; x_wconf 88' lang='lat' dir='ltr'>hoc</span> <span class='ocrx_word' id='word_1_168' title='bbox 316 1527 443 1556; x_wconf 86' lang='lat' dir='ltr'>onere</span> <span class='ocrx_word' id='word_1_169' title='bbox 464 1509 767 1573; x_wconf 84' lang='lat' dir='ltr'>corruptibilis</span> <span class='ocrx_word' id='word_1_170' title='bbox 801 1511 943 1554; x_wconf 82' lang='lat' dir='ltr'>carnis</span> <span class='ocrx_word' id='word_1_171' title='bbox 968 1512 1071 1556; x_wconf 89' lang='lat' dir='ltr'>etin</span> <span class='ocrx_word' id='word_1_172' title='bbox 1094 1512 1216 1556; x_wconf 85' lang='lat' dir='ltr'>istius</span> <span class='ocrx_word' id='word_1_173' title='bbox 1235 1513 1338 1557; x_wconf 73' lang='lat' dir='ltr'>vitae</span> <span class='ocrx_word' id='word_1_174' title='bbox 1359 1513 1486 1557; x_wconf 87' lang='lat' dir='ltr'>infir-</span> 
     </span>
     <span class='ocr_line' id='line_1_21' title="bbox 109 1580 1485 1643; baseline 0.001 -18"><span class='ocrx_word' id='word_1_175' title='bbox 109 1580 256 1625; x_wconf 81' lang='lat' dir='ltr'>mitate</span> <span class='ocrx_word' id='word_1_176' title='bbox 279 1581 540 1640; x_wconf 85' lang='lat' dir='ltr'>gementium</span> <span class='ocrx_word' id='word_1_177' title='bbox 564 1597 659 1643; x_wconf 83' lang='lat' dir='ltr'>spes</span> <span class='ocrx_word' id='word_1_178' title='bbox 686 1597 771 1624; x_wconf 79' lang='lat' dir='ltr'>una</span> <span class='ocrx_word' id='word_1_179' title='bbox 794 1591 884 1634; x_wconf 84' lang='lat' dir='ltr'>est,</span> <span class='ocrx_word' id='word_1_180' title='bbox 913 1580 1033 1643; x_wconf 85' lang='lat' dir='ltr'>quod</span> <span class='ocrx_word' id='word_1_181' title='bbox 1056 1581 1315 1627; x_wconf 76' lang='lat' dir='ltr'>advocatum</span> <span class='ocrx_word' id='word_1_182' title='bbox 1350 1581 1485 1627; x_wconf 76' lang='lat' dir='ltr'>habe-</span> 
     </span>
     <span class='ocr_line' id='line_1_22' title="bbox 109 1651 1486 1715; baseline 0.001 -20"><span class='ocrx_word' id='word_1_183' title='bbox 109 1667 204 1695; x_wconf 87' lang='lat' dir='ltr'>mus</span> <span class='ocrx_word' id='word_1_184' title='bbox 222 1651 274 1696; x_wconf 79' lang='lat' dir='ltr'>ad</span> <span class='ocrx_word' id='word_1_185' title='bbox 296 1652 469 1696; x_wconf 85' lang='lat' dir='ltr'>Patrem</span> <span class='ocrx_word' id='word_1_186' title='bbox 489 1652 632 1696; x_wconf 83' lang='lat' dir='ltr'>Jesum</span> <span class='ocrx_word' id='word_1_187' title='bbox 658 1651 1112 1710; x_wconf 72' lang='lat' dir='ltr'>‹311ristumjustu1nss‚</span> <span class='ocrx_word' id='word_1_188' title='bbox 1135 1663 1175 1697; x_wconf 89' lang='lat' dir='ltr'>et</span> <span class='ocrx_word' id='word_1_189' title='bbox 1200 1653 1289 1715; x_wconf 85' lang='lat' dir='ltr'>ipse</span> <span class='ocrx_word' id='word_1_190' title='bbox 1313 1663 1374 1697; x_wconf 88' lang='lat' dir='ltr'>est</span> <span class='ocrx_word' id='word_1_191' title='bbox 1393 1670 1486 1698; x_wconf 79' lang='lat' dir='ltr'>exo·</span> 
     </span>
     <span class='ocr_line' id='line_1_23' title="bbox 107 1730 810 1783; baseline 0.001 -19"><span class='ocrx_word' id='word_1_192' title='bbox 107 1730 216 1765; x_wconf 79' lang='lat' dir='ltr'>ratio</span> <span class='ocrx_word' id='word_1_193' title='bbox 240 1731 520 1783; x_wconf 77' lang='lat' dir='ltr'>peccatorum</span> <span class='ocrx_word' id='word_1_194' title='bbox 545 1731 810 1766; x_wconf 85' lang='lat' dir='ltr'>nostrorum.</span> 
     </span>
    </p>

    <p class='ocr_par' dir='ltr' id='par_1_4' title="bbox 100 1789 1484 2486">
     <span class='ocr_line' id='line_1_24' title="bbox 172 1789 1483 1855; baseline 0.002 -20"><span class='ocrx_word' id='word_1_195' title='bbox 172 1790 289 1836; x_wconf 78' lang='lat' dir='ltr'>XVI.</span> <span class='ocrx_word' id='word_1_196' title='bbox 316 1792 488 1836; x_wconf 87' lang='lat' dir='ltr'>Justum</span> <span class='ocrx_word' id='word_1_197' title='bbox 516 1790 777 1836; x_wconf 78' lang='lat' dir='ltr'>advocatum</span> <span class='ocrx_word' id='word_1_198' title='bbox 805 1807 892 1835; x_wconf 90' lang='lat' dir='ltr'>non</span> <span class='ocrx_word' id='word_1_199' title='bbox 919 1789 1194 1847; x_wconf 71' lang='lat' dir='ltr'>habemini,</span> <span class='ocrx_word' id='word_1_200' title='bbox 1222 1791 1299 1855; x_wconf 84' lang='lat' dir='ltr'>qui</span> <span class='ocrx_word' id='word_1_201' title='bbox 1330 1802 1431 1837; x_wconf 88' lang='lat' dir='ltr'>sunt</span> <span class='ocrx_word' id='word_1_202' title='bbox 1459 1810 1483 1838; x_wconf 80' lang='lat' dir='ltr'>a</span> 
     </span>
     <span class='ocr_line' id='line_1_25' title="bbox 100 1860 1484 1922; baseline 0.001 -17"><span class='ocrx_word' id='word_1_203' title='bbox 100 1861 228 1917; x_wconf 82' lang='lat' dir='ltr'>justis</span> <span class='ocrx_word' id='word_1_204' title='bbox 253 1860 406 1920; x_wconf 80' lang='lat' dir='ltr'>(etiam</span> <span class='ocrx_word' id='word_1_205' title='bbox 434 1861 467 1905; x_wconf 88' lang='lat' dir='ltr'>si</span> <span class='ocrx_word' id='word_1_206' title='bbox 485 1860 570 1905; x_wconf 83' lang='lat' dir='ltr'>sola</span> <span class='ocrx_word' id='word_1_207' title='bbox 594 1861 673 1905; x_wconf 81' lang='lat' dir='ltr'>ista</span> <span class='ocrx_word' id='word_1_208' title='bbox 696 1870 801 1905; x_wconf 84' lang='lat' dir='ltr'>esset</span> <span class='ocrx_word' id='word_1_209' title='bbox 829 1860 1067 1905; x_wconf 74' lang='lat' dir='ltr'>differentia</span> <span class='ocrx_word' id='word_1_210' title='bbox 1083 1897 1092 1915; x_wconf 58' lang='lat'>2</span> <span class='ocrx_word' id='word_1_211' title='bbox 1116 1860 1195 1922; x_wconf 88' lang='lat' dir='ltr'>)in</span> <span class='ocrx_word' id='word_1_212' title='bbox 1216 1862 1484 1907; x_wconf 84' lang='lat' dir='ltr'>contrarium</span> 
     </span>
     <span class='ocr_line' id='line_1_26' title="bbox 107 1929 1483 1993; baseline 0.002 -19"><span class='ocrx_word' id='word_1_213' title='bbox 107 1929 319 1993; x_wconf 83' lang='lat' dir='ltr'>longeque</span> <span class='ocrx_word' id='word_1_214' title='bbox 342 1929 529 1976; x_wconf 86' lang='lat' dir='ltr'>discreti.</span> <span class='ocrx_word' id='word_1_215' title='bbox 563 1931 702 1987; x_wconf 86' lang='lat' dir='ltr'>Quem</span> <span class='ocrx_word' id='word_1_216' title='bbox 720 1935 888 1990; x_wconf 84' lang='lat' dir='ltr'>justum</span> <span class='ocrx_word' id='word_1_217' title='bbox 918 1930 1178 1976; x_wconf 74' lang='lat' dir='ltr'>advocatum</span> <span class='ocrx_word' id='word_1_218' title='bbox 1210 1931 1322 1976; x_wconf 85' lang='lat' dir='ltr'>absit</span> <span class='ocrx_word' id='word_1_219' title='bbox 1346 1942 1392 1977; x_wconf 89' lang='lat' dir='ltr'>ut</span> <span class='ocrx_word' id='word_1_220' title='bbox 1409 1932 1483 1977; x_wconf 89' lang='lat' dir='ltr'>di·-</span> 
     </span>
     <span class='ocr_line' id='line_1_27' title="bbox 107 2000 1483 2063; baseline 0.001 -19"><span class='ocrx_word' id='word_1_221' title='bbox 107 2016 284 2054; x_wconf 83' lang='lat' dir='ltr'>camus,</span> <span class='ocrx_word' id='word_1_222' title='bbox 330 2000 442 2045; x_wconf 86' lang='lat' dir='ltr'>sicut</span> <span class='ocrx_word' id='word_1_223' title='bbox 474 2001 558 2063; x_wconf 77' lang='lat' dir='ltr'>ipsi</span> <span class='ocrx_word' id='word_1_224' title='bbox 594 2001 947 2055; x_wconf 79' lang='lat' dir='ltr'>calumniantur,</span> <span class='ocrx_word' id='word_1_225' title='bbox 983 2022 1002 2041; x_wconf 79' lang='grc' dir='ltr'>α</span> <span class='ocrx_word' id='word_1_226' title='bbox 1035 2001 1189 2046; x_wconf 81' lang='lat' dir='ltr'>Carnis</span> <span class='ocrx_word' id='word_1_227' title='bbox 1234 2003 1483 2047; x_wconf 82' lang='lat' dir='ltr'>necessitate</span> 
     </span>
     <span class='ocr_line' id='line_1_28' title="bbox 107 2070 1481 2135; baseline 0.002 -21"><span class='ocrx_word' id='word_1_228' title='bbox 107 2070 362 2115; x_wconf 88' lang='lat' dir='ltr'>mentitum⁷</span> <span class='ocrx_word' id='word_1_229' title='bbox 376 2088 421 2115; x_wconf 76' lang='lat' dir='ltr'>»z</span> <span class='ocrx_word' id='word_1_230' title='bbox 445 2071 518 2116; x_wconf 88' lang='lat' dir='ltr'>sed</span> <span class='ocrx_word' id='word_1_231' title='bbox 529 2070 716 2116; x_wconf 83' lang='lat' dir='ltr'>dicimus</span> <span class='ocrx_word' id='word_1_232' title='bbox 735 2087 834 2116; x_wconf 84' lang='lat' dir='ltr'>eum</span> <span class='ocrx_word' id='word_1_233' title='bbox 858 2071 903 2116; x_wconf 86' lang='lat' dir='ltr'>in</span> <span class='ocrx_word' id='word_1_234' title='bbox 923 2070 1357 2116; x_wconf 79' lang='lat' dir='ltr'>siinilitudineearnis</span> <span class='ocrx_word' id='word_1_235' title='bbox 1371 2089 1481 2135; x_wconf 88' lang='lat' dir='ltr'>pec-</span> 
     </span>
     <span class='ocr_line' id='line_1_29' title="bbox 107 2139 1481 2202; baseline 0.001 -18"><span class='ocrx_word' id='word_1_236' title='bbox 107 2139 192 2184; x_wconf 80' lang='lat' dir='ltr'>cati</span> <span class='ocrx_word' id='word_1_237' title='bbox 217 2139 269 2184; x_wconf 86' lang='lat' dir='ltr'>de</span> <span class='ocrx_word' id='word_1_238' title='bbox 289 2150 466 2202; x_wconf 88' lang='lat' dir='ltr'>peccato</span> <span class='ocrx_word' id='word_1_239' title='bbox 503 2140 727 2185; x_wconf 79' lang='lat' dir='ltr'>damnasse</span> <span class='ocrx_word' id='word_1_240' title='bbox 762 2150 1006 2202; x_wconf 80' lang='lat' dir='ltr'>peccatum.</span> <span class='ocrx_word' id='word_1_241' title='bbox 1046 2140 1177 2196; x_wconf 82' lang='lat' dir='ltr'>Quod</span> <span class='ocrx_word' id='word_1_242' title='bbox 1213 2140 1388 2185; x_wconf 80' lang='lat' dir='ltr'>fortasse</span> <span class='ocrx_word' id='word_1_243' title='bbox 1411 2140 1481 2185; x_wconf 85' lang='lat' dir='ltr'>isti</span> 
     </span>
     <span class='ocr_line' id='line_1_30' title="bbox 106 2209 1480 2273; baseline 0.001 -19"><span class='ocrx_word' id='word_1_244' title='bbox 106 2227 192 2254; x_wconf 91' lang='lat' dir='ltr'>non</span> <span class='ocrx_word' id='word_1_245' title='bbox 216 2209 500 2268; x_wconf 83' lang='lat' dir='ltr'>intelligentes</span> <span class='ocrx_word' id='word_1_246' title='bbox 516 2209 867 2255; x_wconf 83' lang='lat' dir='ltr'>etcalumniandi</span> <span class='ocrx_word' id='word_1_247' title='bbox 884 2209 1128 2272; x_wconf 77' lang='lat' dir='ltr'>cupiditate</span> <span class='ocrx_word' id='word_1_248' title='bbox 1151 2209 1322 2264; x_wconf 75' lang='lat' dir='ltr'>caecati,</span> <span class='ocrx_word' id='word_1_249' title='bbox 1346 2226 1480 2273; x_wconf 82' lang='lat' dir='ltr'>quam</span> 
     </span>
     <span class='ocr_line' id='line_1_31' title="bbox 105 2279 1479 2343; baseline 0.001 -19"><span class='ocrx_word' id='word_1_250' title='bbox 105 2279 281 2325; x_wconf 77' lang='lat' dir='ltr'>diversis</span> <span class='ocrx_word' id='word_1_251' title='bbox 301 2279 440 2325; x_wconf 87' lang='lat' dir='ltr'>modis</span> <span class='ocrx_word' id='word_1_252' title='bbox 461 2281 630 2343; x_wconf 78' lang='lat' dir='ltr'>peccati</span> <span class='ocrx_word' id='word_1_253' title='bbox 667 2297 827 2324; x_wconf 85' lang='lat' dir='ltr'>nomeu</span> <span class='ocrx_word' id='word_1_254' title='bbox 851 2280 894 2324; x_wconf 89' lang='lat' dir='ltr'>in</span> <span class='ocrx_word' id='word_1_255' title='bbox 915 2280 1154 2342; x_wconf 79' lang='lat' dir='ltr'>Scripturis</span> <span class='ocrx_word' id='word_1_256' title='bbox 1179 2279 1338 2324; x_wconf 83' lang='lat' dir='ltr'>sanctis</span> <span class='ocrx_word' id='word_1_257' title='bbox 1371 2280 1479 2343; x_wconf 88' lang='lat' dir='ltr'>poni</span> 
     </span>
     <span class='ocr_line' id='line_1_32' title="bbox 105 2349 1470 2413; baseline 0.001 -19"><span class='ocrx_word' id='word_1_258' title='bbox 105 2349 237 2394; x_wconf 80' lang='lat' dir='ltr'>soleat</span> <span class='ocrx_word' id='word_1_259' title='bbox 258 2350 517 2409; x_wconf 76' lang='lat' dir='ltr'>ignorantes,</span> <span class='ocrx_word' id='word_1_260' title='bbox 540 2361 770 2413; x_wconf 81' lang='lat' dir='ltr'>peccatum</span> <span class='ocrx_word' id='word_1_261' title='bbox 790 2350 953 2395; x_wconf 83' lang='lat' dir='ltr'>Christi</span> <span class='ocrx_word' id='word_1_262' title='bbox 973 2350 1185 2395; x_wconf 80' lang='lat' dir='ltr'>affirmare</span> <span class='ocrx_word' id='word_1_263' title='bbox 1199 2353 1470 2409; x_wconf 76' lang='lat' dir='ltr'>nosjactant.</span> 
     </span>
     <span class='ocr_line' id='line_1_33' title="bbox 106 2419 1475 2486; baseline 0.001 -22"><span class='ocrx_word' id='word_1_264' title='bbox 106 2420 303 2465; x_wconf 87' lang='lat' dir='ltr'>Dicimus</span> <span class='ocrx_word' id='word_1_265' title='bbox 320 2421 462 2486; x_wconf 81' lang='lat' dir='ltr'>itaque</span> <span class='ocrx_word' id='word_1_266' title='bbox 482 2421 709 2467; x_wconf 82' lang='lat' dir='ltr'>Christum</span> <span class='ocrx_word' id='word_1_267' title='bbox 725 2457 735 2476; x_wconf 78' lang='grc'>,</span> <span class='ocrx_word' id='word_1_268' title='bbox 759 2431 800 2464; x_wconf 84' lang='lat' dir='ltr'>ct</span> <span class='ocrx_word' id='word_1_269' title='bbox 814 2420 984 2465; x_wconf 87' lang='lat' dir='ltr'>nullum</span> <span class='ocrx_word' id='word_1_270' title='bbox 1000 2419 1205 2466; x_wconf 77' lang='lat' dir='ltr'>habuisse</span> <span class='ocrx_word' id='word_1_271' title='bbox 1225 2431 1475 2483; x_wconf 81' lang='lat' dir='ltr'>peccatum,</span> 
     </span>
    </p>
   </div>
   <div class='ocr_carea' id='block_1_4' title="bbox 106 2519 1480 2618">
    <p class='ocr_par' dir='ltr' id='par_1_5' title="bbox 106 2519 1480 2618">
     <span class='ocr_line' id='line_1_34' title="bbox 157 2519 1480 2566; baseline 0.004 -17"><span class='ocrx_word' id='word_1_272' title='bbox 157 2520 255 2561; x_wconf 74' lang='lat' dir='ltr'><strong>¹Sap.</strong></span> <span class='ocrx_word' id='word_1_273' title='bbox 274 2531 316 2555; x_wconf 76' lang='lat' dir='ltr'>ix,</span> <span class='ocrx_word' id='word_1_274' title='bbox 341 2521 389 2551; x_wconf 78' lang='lat'>15.</span> <span class='ocrx_word' id='word_1_275' title='bbox 407 2537 452 2544; x_wconf 90' lang='lat'>-—</span> <span class='ocrx_word' id='word_1_276' title='bbox 470 2519 485 2541; x_wconf 76' lang='lat'><strong>²</strong></span> <span class='ocrx_word' id='word_1_277' title='bbox 504 2519 619 2562; x_wconf 78' lang='lat' dir='ltr'>Philip.</span> <span class='ocrx_word' id='word_1_278' title='bbox 641 2531 690 2556; x_wconf 78' lang='lat' dir='ltr'>ur,</span> <span class='ocrx_word' id='word_1_279' title='bbox 718 2531 769 2557; x_wconf 80' lang='lat'>12,</span> <span class='ocrx_word' id='word_1_280' title='bbox 793 2521 843 2550; x_wconf 75' lang='lat'>13.</span> <span class='ocrx_word' id='word_1_281' title='bbox 859 2539 902 2544; x_wconf 97' lang='lat'><strong>—</strong></span> <span class='ocrx_word' id='word_1_282' title='bbox 916 2519 1026 2553; x_wconf 74' lang='lat' dir='ltr'>31bid.</span> <span class='ocrx_word' id='word_1_283' title='bbox 1052 2523 1102 2553; x_wconf 76' lang='lat'>15.</span> <span class='ocrx_word' id='word_1_284' title='bbox 1123 2540 1163 2545; x_wconf 91' lang='lat'>—-</span> <span class='ocrx_word' id='word_1_285' title='bbox 1187 2519 1200 2544; x_wconf 74' lang='lat'><strong><em>⁴</em></strong></span> <span class='ocrx_word' id='word_1_286' title='bbox 1218 2521 1480 2566; x_wconf 70' lang='lat' dir='ltr'>Lex-it.1x‚7‚et</span> 
     </span>
     <span class='ocr_line' id='line_1_35' title="bbox 106 2573 1256 2618; baseline 0.004 -13"><span class='ocrx_word' id='word_1_287' title='bbox 106 2586 174 2615; x_wconf 58' lang='grc' dir='ltr'>με,</span> <span class='ocrx_word' id='word_1_288' title='bbox 190 2577 273 2608; x_wconf 58' lang='grc' dir='ltr'>6.--ψ</span> <span class='ocrx_word' id='word_1_289' title='bbox 289 2574 303 2610; x_wconf 74' lang='grc' dir='ltr'>ς5</span> <span class='ocrx_word' id='word_1_290' title='bbox 319 2575 435 2611; x_wconf 70' lang='lat' dir='ltr'>Matth.</span> <span class='ocrx_word' id='word_1_291' title='bbox 456 2587 502 2618; x_wconf 78' lang='lat' dir='ltr'>vt,</span> <span class='ocrx_word' id='word_1_292' title='bbox 525 2587 576 2607; x_wconf 71' lang='lat'>12.</span> <span class='ocrx_word' id='word_1_293' title='bbox 594 2594 633 2599; x_wconf 90' lang='lat'>—-</span> <span class='ocrx_word' id='word_1_294' title='bbox 654 2573 668 2595; x_wconf 63' lang='grc' dir='ltr'>ὓ</span> <span class='ocrx_word' id='word_1_295' title='bbox 692 2586 701 2608; x_wconf 75' lang='lat'><em>2</em></span> <span class='ocrx_word' id='word_1_296' title='bbox 724 2577 872 2615; x_wconf 56' lang='lat' dir='ltr'>hau-¹1,</span> <span class='ocrx_word' id='word_1_297' title='bbox 893 2587 917 2609; x_wconf 82' lang='lat'>1.</span> <span class='ocrx_word' id='word_1_298' title='bbox 939 2594 977 2600; x_wconf 87' lang='lat'>—-</span> <span class='ocrx_word' id='word_1_299' title='bbox 995 2575 1008 2600; x_wconf 93' lang='lat'>⁷</span> <span class='ocrx_word' id='word_1_300' title='bbox 1030 2580 1122 2614; x_wconf 68' lang='lat' dir='ltr'>ttom.</span> <span class='ocrx_word' id='word_1_301' title='bbox 1139 2588 1207 2614; x_wconf 76' lang='lat' dir='ltr'>viu,</span> <span class='ocrx_word' id='word_1_302' title='bbox 1225 2578 1256 2610; x_wconf 84' lang='lat'>3.</span> 
     </span>
    </p>
   </div>
  </div>
 </body>
</html>
