1843 3190
272 229 365 285 438
698 245 732 274 s.
775 243 1018 274 Arousrrm
1052 243 1256 274 Errscorl

277 309 423 355 donec
452 309 506 354 ab
535 325 584 354 eo
603 308 679 371 qui
712 306 809 371 Post
830 303 964 368 ejecta
988 308 1202 355 daemonia
1224 308 1396 372 perficit
1415 300 1613 356 sanitates
1629 347 1639 365 ‚

275 379 490 425 medicina
506 377 758 442 perficiente
778 390 964 425 sanetur.
1406 388 1413 396 “

344 451 485 496 LXII.
523 449 606 494 Sed
636 465 783 512 quaeso
809 460 848 494 te
868 486 878 505 ,
916 466 1017 495 cum
1049 460 1091 495 et
1122 450 1213 514 ipse
1246 450 1457 496 concedas
1481 451 1646 514 peccati

278 520 384 567 facti
407 530 536 582 atque
560 519 763 564 transacti
784 530 947 565 reatum
973 537 1161 576 manere,
1183 520 1264 565 nisi
1291 537 1410 566 sacro
1435 520 1554 566 fonte
1577 521 1650 566 di—

277 590 459 636 luatur:
484 589 555 635 dic
576 590 684 634 mihi
704 601 846 635 reatus
872 593 948 635 iste
969 591 1064 654 quis
1086 591 1157 644 sit,
1190 601 1231 635 et
1260 590 1336 635 ubi
1359 602 1529 636 maneat
1559 595 1651 651 jam

279 660 458 706 homine
472 671 668 705 correcto
692 671 892 723 recteque
912 661 1094 716 vivente,
1117 661 1312 706 nondum
1333 672 1474 707 tamen
1494 678 1653 725 pecca-

282 741 428 775 torum
453 730 701 775 remissione
723 730 942 776 liberato?
969 732 1229 790 Subjectum
1267 742 1330 776 est
1369 743 1508 777 reatus
1544 733 1620 776 iste
1640 768 1651 786 ‚

284 800 332 846 id
350 810 428 855 est,
448 799 707 855 substantia,
732 800 845 844 sicut
868 800 1064 863 spiritus,
1090 801 1201 845 sicut
1215 817 1397 863 corpus3
1419 819 1473 846 an
1490 802 1535 846 in
1555 802 1656 846 sub-

278 873 416 931 jecto,
437 870 549 915 sicut
566 868 697 914 febris
721 881 795 915 aut
812 870 969 916 vulnus
991 871 1036 916 in
1058 888 1240 934 corpore
1259 909 1270 927 ,
1296 872 1383 916 sive
1401 872 1576 917 avaritia
1591 870 1658 917 vel

285 957 404 986 error
428 940 473 985 in
513 940 690 986 animo?
723 943 775 985 In
818 941 1014 1000 subjecto
1047 958 1133 987 esse
1170 941 1366 987 dicturus
1402 959 1480 987 es:
1522 959 1660 1005 neque

287 1011 402 1056 enim
425 1021 590 1056 reatum
624 1010 858 1057 affirmabis
894 1029 980 1057 esse
1008 1012 1305 1059 substantiam.
1340 1014 1391 1057 ln
1419 1030 1506 1076 quo
1532 1013 1662 1072 igitur

287 1081 369 1126 tibi
387 1080 561 1127 videtur
580 1098 666 1126 esse
679 1082 904 1141 subjecto?
923 1082 1014 1127 Cur
1031 1100 1222 1146 quaeram
1241 1083 1348 1146 quid
1372 1083 1629 1147 respondeas
1648 1119 1657 1138 ,

289 1162 332 1198 et
348 1169 436 1197 non
454 1152 601 1215 potius
618 1153 750 1197 verba
772 1162 846 1198 tua
872 1157 1064 1216 ponam?
1088 1175 1107 1193 α
1128 1156 1241 1199 Actu
1263 1191 1273 1208 ,
1294 1154 1437 1217 inquis
1461 1191 1471 1201 .
1504 1163 1665 1217 praete-

295 1232 462 1277 reunte,
484 1232 628 1267 manet
653 1225 743 1281 ejus
778 1234 918 1268 reatus
941 1224 984 1268 in
1015 1223 1131 1268 illius
1159 1224 1419 1269 conscientia
1450 1224 1523 1286 qui
1557 1223 1667 1269 deli-

297 1293 423 1356 quit,
451 1292 590 1337 donec
609 1292 867 1340 dimittatur.
892 1315 911 1335 >2
933 1295 1046 1353 Ergo
1073 1295 1118 1339 in
1143 1295 1338 1353 subjecto
1358 1305 1435 1350 est,
1463 1295 1548 1339 hoc
1574 1304 1635 1339 cst
1653 1331 1663 1349 ‚

294 1362 340 1407 in
359 1362 503 1407 animo
523 1366 612 1422 ejus
632 1363 708 1425 qui
736 1363 963 1427 deliquisse
987 1381 1028 1409 se
1047 1364 1264 1419 meminit,
1298 1375 1339 1409 et
1362 1364 1570 1427 scrupulo
1590 1382 1670 1408 an-

300 1433 417 1493 gitur
440 1433 741 1489 conscientiae,
763 1433 901 1480 donec
926 1436 1002 1479 fiat
1027 1434 1175 1480 delicti
1206 1435 1451 1480 remissione
1478 1452 1664 1480 securus.

299 1503 419 1560 Quid
440 1503 472 1548 si
499 1503 782 1550 obliviscatur
814 1523 855 1550 se
888 1505 1117 1569 deliquisse
1142 1543 1152 1562 ‚
1178 1523 1256 1551 nec
1286 1509 1375 1565 ejus
1409 1506 1672 1550 conscientia

298 1573 561 1630 stimuletur,
584 1575 662 1620 ubi
681 1576 761 1621 erit
779 1586 921 1621 reatus
943 1576 1032 1632 ille,
1066 1593 1197 1639 quem
1222 1582 1468 1621 transeunte
1491 1585 1672 1638 peccato

302 1661 475 1689 manere
514 1645 716 1690 concedis
739 1683 749 1699 ‚
777 1646 915 1691 donec
944 1646 1222 1692 remittatur?
1256 1648 1355 1691 Non
1387 1656 1449 1691 est
1483 1656 1596 1692 certe
1633 1646 1674 1690 in

304 1732 488 1778 corpore
505 1752 516 1772 ,
539 1716 641 1778 quia
657 1734 744 1761 non
771 1728 831 1762 est
858 1734 1007 1762 eorum
1033 1717 1325 1763 accidentium
1350 1734 1448 1780 quae
1470 1717 1678 1763 accidunt

304 1785 511 1848 corpori:
538 1803 623 1830 non
649 1797 708 1832 est
731 1787 777 1832 in
802 1788 975 1843 animo,
1002 1788 1105 1850 quia
1130 1792 1221 1847 ejus
1249 1788 1499 1833 memoriam
1521 1787 1679 1833 delevit

305 1855 494 1901 oblivio:
521 1867 563 1901 et
587 1867 731 1902 tamen
747 1868 821 1904 est.
854 1858 940 1902 Ubi
961 1857 1184 1917 estigitur‚
1212 1858 1539 1918 cumjambene
1561 1857 1680 1903 vivat

304 1926 438 1972 homo
459 1964 469 1982 ‚
500 1927 613 1972 nihil
650 1928 731 1973 tale
767 1929 1065 1981 committens;
1100 1946 1179 1975 nec
1212 1929 1301 1974 dici
1327 1929 1492 1992 possit,
1530 1945 1680 1973 eorum

307 2008 587 2060 peccatorum
615 2002 706 2058 ejus
724 2010 894 2046 reatum
934 2016 1106 2044 manere
1139 2016 1240 2062 quae
1269 1999 1490 2053 meminit3
1532 2015 1680 2044 eorum

305 2084 407 2114 vero
422 2085 521 2131 quae
539 2068 701 2114 oblitus
720 2081 781 2115 est
807 2087 896 2115 non
925 2073 1127 2116 manere?
1147 2072 1293 2115 Manet
1317 2070 1482 2132 quippe
1505 2069 1683 2114 omnino

311 2137 449 2183 donec
472 2139 733 2187 remittatur.
766 2140 855 2186 Ubi
872 2157 972 2201 ergo
996 2151 1139 2186 manet
1155 2177 1166 2196 ,
1195 2140 1275 2185 11151
1298 2139 1343 2185 111
1368 2139 1548 2185 occultis
1573 2139 1683 2198 legi-

312 2208 396 2254 bus
424 2209 516 2265 Dei,
538 2227 640 2273 quae
652 2212 913 2275 conscriptae
931 2223 1030 2257 sunt
1052 2211 1245 2276 quodam
1259 2211 1388 2256 modo
1406 2211 1450 2256 in
1466 2210 1686 2256 mentibus

311 2279 593 2339 Angelorum,
616 2292 666 2326 nt
702 2282 817 2328 nulla
850 2283 903 2328 sit
928 2283 1133 2347 iniquitas
1171 2282 1387 2345 impunita
1410 2318 1420 2336 ‚
1447 2281 1528 2325 nisi
1554 2295 1686 2342 quam

311 2350 482 2409 sanguis
511 2350 761 2398 Mediatoris
785 2353 1048 2416 expiaverit3
1082 2356 1207 2412 cnjus
1227 2353 1346 2411 signo
1373 2350 1514 2396 crucis
1533 2366 1687 2395 conse-

311 2431 460 2467 cratur
483 2421 602 2466 unda
624 2422 916 2486 baptismatis,
951 2435 999 2470 ut
1019 2441 1068 2470 ea
1091 2423 1286 2468 diluatur
1318 2432 1460 2467 reatus
1481 2431 1687 2484 tanquam

307 2491 354 2538 in
379 2491 677 2556 chirographo
703 2494 923 2558 scriptus,
951 2495 996 2540 in
1025 2494 1180 2540 notitia
1201 2492 1466 2557 spiritalium
1491 2501 1686 2557 potesta-

311 2573 421 2620 tum,
450 2580 529 2627 per
554 2579 661 2627 quas
681 2581 816 2628 poena
846 2564 1027 2626 exigitur
1050 2566 1362 2630 peccatorum?
1392 2562 1508 2609 Huic
1533 2560 1686 2608 chiro-
