1843 3190
272 290 445 321 CONTRA
478 289 703 322 JL‘LIANUM
740 290 1044 334 PELAGIANUM,
1082 293 1170 324 LIB.
1211 295 1279 326 111.
1356 297 1438 328 221

78 365 139 400 set
162 373 184 401 a
207 358 345 402 Patre.
374 357 481 402 Haec
500 357 594 419 ipsa
617 373 714 416 ergo
732 393 743 412 ,
771 367 922 402 contra
938 373 1070 420 quam
1085 394 1097 413 ,
1126 358 1160 403 si
1179 360 1448 408 continenter

77 427 187 472 vivis
203 463 214 482 ,
235 426 387 473 acriter
408 444 576 490 pugnas
590 464 601 483 ,
625 444 713 472 non
733 437 795 473 est
815 445 835 472 a
862 428 1003 474 Patre.
1035 429 1134 473 Non
1155 429 1268 474 enim
1299 442 1450 477 contra

79 512 170 541 eam
194 513 426 559 pugnares,
458 497 540 542 nisi
556 508 816 560 repugnaret
835 515 845 542 :
867 514 946 543 nec
971 514 1069 543 vero
1093 510 1352 561 repugnaret
1369 501 1452 547 tibi

80 567 220 625 agenti
238 567 356 630 quod
379 567 565 613 donatur
590 578 632 613 et
656 578 825 613 amatur
846 585 869 613 a
895 569 1046 623 Patre,
1076 569 1110 613 si
1130 579 1235 614 esset
1254 588 1276 615 a
1301 571 1443 619 Patre.

145 638 300 684 XLVI.
343 639 403 684 Ex
419 639 498 684 ista
516 648 556 684 et
575 655 674 684 cum
695 638 774 683 ista
790 638 982 683 nascitur
998 638 1156 694 homo,
1182 639 1349 686 bonum
1372 642 1450 687 Dei

80 722 214 770 opus,
243 725 333 754 non
357 708 446 753 sine
465 708 581 753 malo
599 745 610 764 ,
630 707 750 771 quod
777 707 911 752 trahit
933 709 1053 767 origo
1079 709 1386 767 generationis,
1413 722 1455 757 et

80 789 202 824 sanat
218 778 356 839 gratia
378 779 723 839 regenerationis.
750 780 812 824 Ac
830 796 909 841 per
928 778 1015 824 hoc
1029 789 1142 824 recte
1159 796 1181 824 a
1200 796 1266 825 me
1285 779 1453 827 dictum

80 848 168 894 est¹
185 886 197 905 ,
227 870 247 890 «
265 850 333 894 Ita
365 849 622 912 nuptiarum
645 849 811 895 bonum
835 848 949 894 malo
975 848 1173 908 originali
1204 850 1323 914 quod
1354 851 1454 897 inde

81 919 271 965 trahitur
289 937 375 966 non
390 931 531 983 potest
557 920 771 975 accusari,
793 920 903 965 sicut
918 918 1232 966 adulteriorum
1250 931 1292 966 et
1314 921 1455 969 forni-

80 990 301 1035 cationum
328 990 492 1036 malum
527 991 646 1035 bono
669 989 856 1036 naturali
881 989 1002 1052 quod
1034 989 1135 1035 inde
1155 992 1347 1037 nascitur
1369 1010 1456 1039 non

79 1070 221 1123 potest
238 1060 442 1108 excusari.
471 1061 644 1106 Bonum
663 1062 775 1105 enim
799 1059 996 1105 naturale
1016 1059 1124 1116 dixi,
1145 1061 1265 1124 quod
1285 1080 1456 1109 meeum

80 1131 173 1194 ipse
193 1131 415 1178 collaudas
425 1150 436 1188 ;
467 1132 632 1177 malum
657 1143 798 1178 autem
819 1130 1026 1190 originale
1051 1130 1163 1187 dixi,
1185 1136 1309 1191 cujus
1334 1136 1458 1180 moti·

82 1200 166 1246 bus
190 1218 358 1247 mecum
380 1218 596 1265 repugnas
611 1238 623 1258 ,
650 1212 691 1247 et
710 1203 833 1260 cujus
853 1211 1004 1245 contra
1024 1216 1091 1244 me
1115 1199 1320 1248 laudibus
1339 1221 1457 1267 pug-

82 1287 173 1317 nas.
195 1271 295 1317 Non
308 1283 368 1318 est
388 1272 553 1318 malum
567 1270 687 1335 quod
705 1282 830 1317 natus
843 1287 886 1316 es
903 1307 914 1326 ,
932 1268 1005 1315 sed
1025 1287 1126 1315 cum
1145 1287 1232 1334 quo
1250 1283 1376 1319 natus
1396 1292 1456 1332 es,

84 1351 126 1386 et
141 1353 296 1388 contra
317 1342 437 1407 quod
456 1342 708 1407 spiritaliter
729 1342 910 1387 dimicas
925 1340 1028 1403 quia
1052 1351 1224 1387 renatus
1247 1359 1301 1391 es.
1328 1344 1461 1401 Quod

85 1423 212 1458 natus
232 1430 274 1459 es
289 1451 300 1470 ,
326 1414 511 1476 pertinet
531 1413 586 1460 ad
609 1414 688 1459 Dei
712 1412 1030 1468 conditionem,
1058 1421 1099 1456 et
1118 1423 1349 1474 parentum
1373 1415 1462 1461 foe-

88 1483 356 1530 cunditatem
377 1503 387 1529 :
409 1495 560 1530 contra
580 1483 701 1548 quod
720 1493 860 1529 autem
879 1481 1058 1527 dimicas
1076 1482 1178 1544 quia
1201 1495 1374 1530 renatus
1399 1503 1459 1544 es,

88 1555 276 1617 pertinet
294 1555 345 1600 ad
363 1555 763 1619 praevaricationem
779 1590 789 1609 ,
814 1569 947 1616 quam
970 1550 1135 1597 diaboli
1158 1554 1313 1599 astutia
1334 1557 1464 1601 semi-

89 1626 231 1681 navit,
256 1626 372 1671 unde
394 1636 431 1671 te
451 1626 586 1686 gratia
605 1623 769 1671 Christi
788 1622 1010 1679 liberavit3
1033 1632 1082 1667 ut
1100 1623 1222 1685 prius
1244 1625 1330 1670 hoc
1353 1626 1464 1672 malo

89 1694 200 1741 bene
218 1697 394 1742 utereris
412 1697 457 1742 in
482 1700 665 1755 conjuge
683 1732 694 1751 ,
733 1710 852 1739 nunc
882 1692 944 1738 illi
968 1691 1202 1738 adverseris
1220 1695 1265 1739 in
1283 1705 1348 1751 te;
1377 1714 1462 1742 non

87 1767 179 1823 jam
204 1783 300 1812 reus
323 1784 372 1812 ex
399 1767 474 1812 illo
491 1803 501 1822 ,
539 1767 652 1812 sicut
676 1781 767 1810 eras
792 1774 944 1818 natus,
971 1761 1045 1808 sed
1084 1762 1139 1807 ab
1168 1762 1317 1809 eodem
1345 1778 1465 1812 reatu

93 1853 182 1882 non
206 1849 375 1894 erutus,
398 1837 479 1883 nisi
509 1837 612 1901 quia
633 1846 828 1891 renatus,
857 1844 905 1878 ut
928 1833 1062 1897 possis
1090 1832 1341 1897 redemptus
1368 1855 1466 1897 reg—

95 1925 198 1953 nare
225 1925 325 1953 cum
350 1908 526 1954 Christo
555 1925 566 1952 ε
594 1907 628 1952 si
651 1918 795 1952 tamen
827 1905 907 1950 ista
940 1903 1114 1949 haeresis
1149 1921 1237 1949 non
1276 1916 1316 1951 te
1338 1906 1468 1954 faciat

95 1979 236 2043 perire
261 1997 361 2026 cum
398 1978 601 2034 diabolo,
629 1977 726 2034 sed,
753 1975 871 2039 quod
897 1975 1045 2037 potius
1073 1974 1298 2037 cupimus,
1325 1981 1468 2024 confi-

99 2051 225 2096 tearis
260 2052 447 2106 malum,
488 2060 637 2095 contra
668 2047 787 2110 quod
807 2044 969 2091 bellum
999 2044 1131 2105 geriS,
1157 2055 1206 2090 ut
1230 2063 1278 2091 eo
1309 2050 1473 2097 nonita

100 2123 341 2183 separato‘2‚
366 2121 487 2185 quasi
517 2120 596 2166 alia
620 2129 775 2164 natura
802 2117 855 2161 sit
874 2153 884 2165 ,
910 2115 981 2160 sed
1007 2116 1052 2160 in
1081 2125 1122 2159 te
1141 2116 1259 2160 omni
1283 2132 1472 2181 exparte

101 2204 249 2238 sanato
267 2230 278 2249 ,
300 2193 345 2238 in
369 2201 580 2256 perpetua
605 2206 712 2252 pace
728 2187 898 2233 laeteris.

167 2266 348 2313 XLVII.
391 2264 488 2308 Non
508 2261 640 2320 igitur
665 2280 682 2299 α
707 2258 812 2302 Sum
843 2254 1202 2319 pharmacopolae
1226 2256 1373 2304 similis
1392 2297 1402 2317 ,
1428 2275 1476 2308 ut

103 2339 212 2384 dicis
226 2375 236 2391 ,
258 2336 332 2398 qui
358 2331 640 2397 promittebat
657 2328 837 2374 bestiam
854 2363 865 2382 ,
884 2342 984 2389 quae
1003 2341 1044 2369 se
1060 2325 1198 2387 ipsam
1214 2342 1431 2376 comesset.
1455 2355 1476 2375 ›>

106 2408 191 2455 Sed
212 2407 391 2452 observa
408 2441 418 2459 ,
445 2420 497 2448 ne
514 2400 704 2447 bestialis
722 2398 799 2443 iste
817 2407 959 2441 motus
975 2432 985 2451 ,
1006 2406 1158 2440 contra
1177 2413 1305 2459 quem
1324 2401 1481 2449 videris

105 2480 150 2525 in
169 2489 241 2523 tua
257 2491 385 2521 carne
405 2473 658 2532 confligere,
689 2470 854 2515 sicutte
880 2465 1087 2531 pervertit
1103 2464 1327 2525 laudatus,
1356 2472 1416 2517 sic
1443 2484 1482 2519 te

107 2556 332 2594 consumat
360 2554 510 2608 postea
540 2541 767 2586 relaxatus.
798 2538 898 2582 Non
921 2535 1035 2582 enim
1055 2572 1065 2591 ,
1103 2546 1151 2580 ut
1177 2536 1474 2599 calumniaris,

157 2630 166 2652 ι
188 2629 261 2662 Lib,
284 2640 312 2661 1,
329 2627 369 2659 de
386 2628 487 2669 Nupt,
508 2630 537 2656 et
558 2622 747 2666 Concupisc.
768 2632 837 2664 cap.
857 2632 946 2655 1,-
960 2617 976 2641 ‘2
991 2620 1083 2649 Forte
1101 2629 1165 2650 non
1181 2627 1198 2649 a
1217 2623 1247 2650 te
1265 2628 1423 2664 separato,
