1843 3190
305 218 365 280 74
725 232 761 263 s.
804 226 1051 261 mensum
1085 225 1292 262 EPISCOPI

301 298 470 343 saniant
493 308 542 343 ut
557 297 794 358 justitiam,
823 296 1265 360 pacei113gaudiuni,
1293 294 1440 358 qualia
1471 304 1572 341 sunt
1599 295 1677 343 hic

295 369 444 428 justis,
475 369 578 414 talia
614 380 658 414 etv
684 369 774 414 illic
805 367 953 413 futura
979 380 1064 412 esse
1096 366 1378 413 contendant.
1417 366 1548 422 Quod
1580 367 1680 413 siet

301 449 429 483 erunt
444 475 454 493 ‚
475 449 517 484 et
533 456 620 484 non
634 439 735 484 talia
752 449 904 491 erunt3
927 436 1121 501 profecto
1140 454 1289 482 eorum
1303 436 1376 482 hic
1395 436 1440 481 in
1459 447 1689 500 praecepto

302 509 495 553 curanda
521 520 582 554 est
619 509 731 554 actio
753 546 763 564 ‚
789 508 877 553 illic
900 508 946 553 in
974 507 1158 571 praemio
1189 505 1405 569 speranda
1434 505 1652 569 perfectio
1673 524 1686 551 ε

302 579 381 624 ubi
400 580 684 626 saecularibus
700 579 811 624 ulnis
835 579 996 642 laqueis
1016 595 1103 623 non
1124 578 1283 623 retenti
1303 614 1313 632 ‚
1338 577 1557 640 nullisque
1579 593 1689 640 pec-

303 650 408 695 catis
428 661 469 695 et
493 651 607 695 vitiis
634 650 773 696 carnis
805 649 1007 695 obnoxii.
1034 650 1243 712 (propter
1266 648 1387 711 quod
1420 647 1684 710 Apostolus,

302 720 414 764 sicut
433 721 517 765 hoc
543 721 835 766 testimouium
864 720 1033 783 accepit
1059 720 1307 782 Cyprianus
1324 756 1334 773 ‚
1369 719 1479 763 mori
1505 718 1680 763 lucrum

302 791 385 835 sibi
408 808 493 835 esse
517 791 717 836 dicebat‘l
732 829 742 847 ,
762 792 777 853 )
798 790 989 854 perfecte
1006 791 1237 849 diligamus
1265 791 1403 834 Deum
1420 826 1430 843 ‚
1464 792 1587 847 cujus
1606 787 1688 832 erit

299 859 408 904 facie
449 861 503 905 ad
540 861 693 906 faciem
737 861 1047 923 contemplatio
1065 862 1082 888 2
1102 880 1113 914 ;
1153 859 1342 922 perfecte
1381 859 1615 917 diligamus
1648 868 1690 903 et

301 930 547 993 proximum
568 969 578 986 ‚
606 949 706 977 cum
732 932 1014 977 manifestatis
1037 931 1376 990 cogitationibus
1403 929 1547 975 cordis
1569 929 1688 975 nulla

301 1000 438 1045 ullum
466 1001 519 1046 de
544 1002 633 1046 ullo
655 1002 757 1047 mali
784 1003 913 1048 ullius
933 1003 1071 1065 possit
1088 1001 1320 1047 sollicitare
1341 1001 1548 1064 suspiciO.

365 1071 533 1117 XXIX.
578 1072 659 1117 Sed
697 1082 739 1117 et
769 1076 859 1133 jam
891 1072 1197 1132 gloriosissimo
1223 1072 1404 1134 martyri
1437 1070 1684 1133 Cypriano,

302 1139 356 1185 ad
379 1140 480 1186 istos
505 1142 767 1187 cumulatius
801 1142 1121 1202 redarguendos
1143 1141 1441 1187 beatissimum
1476 1139 1687 1185 addamus

303 1211 582 1256 Ambrosium
609 1231 619 1257 z
643 1213 849 1275 quoniam
876 1224 915 1258 et
937 1214 1079 1276 ipsum
1102 1212 1298 1271 Pelagius
1319 1213 1378 1257 ita
1397 1210 1615 1264 laudavit,
1639 1220 1688 1255 ut

301 1296 354 1324 ne
379 1281 433 1324 ab
459 1282 645 1327 inimicis
670 1283 846 1345 quidem
870 1283 914 1328 in
941 1283 1181 1343 ejus'libris
1204 1282 1323 1345 quod
1345 1280 1686 1344 reprehendere-

302 1358 389 1404 tur,
419 1349 581 1395 diceret
619 1352 818 1399 inveniri.
864 1353 1083 1408 Quoniam
1125 1370 1225 1412 ergo
1250 1352 1470 1411 Pelagiani
1505 1350 1684 1407 dicunt,

300 1436 388 1463 non
402 1437 486 1465 esse
501 1422 708 1481 originale
726 1434 955 1485 peccatum
975 1459 986 1478 ‚
1010 1440 1110 1468 cum
1130 1440 1217 1485 quo
1236 1420 1682 1477 nascanturinfantes,

301 1500 341 1533 et
363 1490 601 1535 Catholicis
622 1493 698 1554 qui
717 1494 774 1537 eis
795 1510 876 1555 pro
902 1493 1201 1555 antiquissima
1222 1492 1427 1538 Ecclesiae
1452 1491 1537 1536 fide
1562 1491 1686 1536 resis-

300 1567 424 1614 tunt,
446 1560 621 1606 haeresis
657 1563 918 1608 Maniehaeae
942 1563 1107 1608 crimen
1137 1563 1356 1621 objiciunt
1383 1579 1393 1606 ε
1421 1561 1686 1624 respondeat

300 1629 357 1674 eis
380 1629 432 1674 de
457 1630 541 1676 hac
569 1649 612 1677 re
632 1633 765 1678 homo
793 1634 866 1679 Dei
889 1634 1133 1679 catholicus
1151 1671 1161 1689 ‚
1188 1645 1230 1678 et
1257 1633 1424 1695 abipso
1446 1632 1621 1692 Pelagio
1640 1632 1686 1677 in

301 1700 479 1746 veritate
502 1701 604 1747 fidei
627 1703 830 1749 laudatus
855 1704 1141 1757 Ambrosius3
1164 1704 1240 1766 qui
1271 1709 1369 1749 cum
1398 1705 1552 1747 isaiam
1577 1719 1686 1765 pro·-

301 1770 481 1833 phetam
502 1785 757 1835 exponeret,
782 1775 840 1819 ait
862 1792 872 1819 :
897 1796 916 1815 a
939 1775 1112 1820 Idcirco
1138 1775 1340 1820 Christus
1361 1773 1682 1829 immaculatus,

304 1840 406 1902 quia
423 1858 501 1886 nec
525 1843 617 1905 ipsa
634 1845 811 1906 quidem
836 1845 1042 1890 nascendi
1063 1845 1185 1890 solita
1210 1844 1461 1890 conditione
1487 1844 1685 1889 macula-

302 1921 370 1955 tus
389 1922 464 1958 est.
494 1936 511 1952 »
539 1916 590 1958 Et
613 1914 694 1960 alio
715 1915 813 1961 loco
839 1916 881 1961 in
902 1916 1053 1961 eodem
1075 1933 1204 1978 opere
1219 1953 1229 1971 ‚
1257 1915 1438 1978 loquens
1473 1914 1528 1959 de
1553 1931 1685 1977 apos-

303 1981 391 2025 tolo
409 1983 563 2028 Petro:
585 2005 602 2025 «
624 1986 722 2047 lpse
744 2003 786 2030 56
804 2022 814 2041 ,
840 1986 984 2049 inquit
1001 2023 1011 2042 ‚
1034 1986 1218 2041 obtulit,
1244 1985 1363 2047 quod
1379 1995 1474 2029 ante
1498 1984 1686 2047 putabat

303 2068 388 2096 esse
409 2065 637 2115 peccatum
653 2093 663 2110 ‚
687 2055 822 2101 lavari
847 2057 928 2102 sibi
952 2074 1038 2101 non
1063 2056 1203 2102 solum
1222 2056 1354 2119 pedes
1370 2093 1380 2111 ‚
1403 2055 1475 2100 sed
1490 2065 1530 2099 et
1551 2066 1686 2117 caput

302 2139 483 2185 poscens
509 2142 519 2169 ε
546 2125 665 2188 quod
706 2127 823 2172 illico
860 2127 1159 2183 intellexisset,
1186 2127 1360 2172 lavacro
1390 2125 1581 2189 pedum,
1607 2126 1685 2189 qui

302 2193 347 2237 in
366 2193 509 2255 primo
525 2195 634 2258 lapsi
657 2208 758 2242 sunt
777 2197 955 2243 homine
973 2235 982 2253 ‚
1001 2198 1169 2243 sordem
1185 2198 1385 2243 obnoxiae
1403 2196 1684 2242 successionis

305 2262 480 2309 aboleri.
507 2285 527 2304 >³
559 2266 666 2310 l'tem
698 2267 740 2311 in
767 2267 917 2312 eodem
947 2285 1075 2330 opere
1103 2285 1114 2312 ε
1144 2289 1165 2309 ι(
1193 2270 1420 2312 Servatum
1447 2276 1508 2311 est
1530 2265 1679 2325 igitur,

303 2331 469 2394 inquitg
498 2345 545 2378 ut
571 2352 617 2379 ex
640 2337 734 2381 xiro
751 2348 793 2381 et
816 2337 1014 2394 muliere,
1029 2338 1075 2383 id
1094 2348 1172 2391 est,
1201 2355 1280 2400 per
1302 2337 1423 2382 illam
1446 2352 1682 2398 corporum

303 2403 654 2449 commixtionem
676 2423 801 2451 nemo
830 2404 1028 2452 videatur
1050 2424 1197 2470 expers
1214 2424 1300 2452 esse
1315 2405 1486 2456 delicti;
1508 2406 1586 2468 qui
1609 2422 1683 2450 au-

304 2481 390 2516 tem
408 2488 555 2535 expers
578 2474 727 2522 delicti
759 2486 845 2532 est,
872 2493 1021 2540 expers
1046 2488 1109 2523 est
1128 2477 1259 2523 etiam
1291 2474 1548 2536 hujusmodi
1570 2491 1682 2521 con-

355 2553 367 2577 ¹
391 2551 507 2598 Philip.
525 2567 554 2595 1,
573 2567 630 2591 21.
648 2575 693 2583 —
711 2556 727 2580 ²
749 2570 762 2589 ι
782 2560 858 2592 Cor.
877 2566 947 2597 xm,
972 2570 1025 2592 12.
