1843 3190
294 248 468 280 CONTRA
502 248 729 288 JumANtJM
766 247 1069 289 ΡΕιΑῡιΑΝυΜ,
1108 248 1194 280 mn.
1238 250 1304 280 ιιι.
1381 233 1473 281 235

101 316 209 370 titiae
233 315 609 378 concupiscimus;
628 314 714 368 hoc
739 313 976 360 intentione
998 330 1087 359 non
1106 313 1346 364 intermissa
1362 314 1471 367 velle

102 387 336 439 debemus:
359 384 432 437 sed
455 386 558 448 quia
579 385 625 433 id
642 386 849 448 perficere
871 385 917 432 in
937 384 1017 435 ista
1039 385 1320 447 corruptibili
1345 402 1473 437 carne

104 474 192 508 non
214 473 465 519 possumus,
492 456 588 505 idco
613 449 719 506 dixit
746 455 799 501 ad
829 456 1049 500 Romanos
1076 472 1086 500 z
1115 475 1135 496 «
1163 455 1282 501 Velle
1306 455 1474 515 adjacet

108 549 128 568 »
153 522 287 583 mihi,
311 527 517 593 perficere
538 537 681 573 autem
700 526 868 576 bonum
888 542 975 570 non
991 525 1164 573 invenio
1177 524 1210 572 1.
1230 547 1250 567 »
1266 525 1344 570 Vel
1364 525 1477 576 sicut

106 597 274 649 habent
312 595 481 642 codices
517 597 646 656 graeci
670 614 680 641 ι
709 618 728 637 «
762 596 879 641 Velle
906 595 1073 655 adjacet
1102 596 1238 651 mihi,
1267 597 1475 658 perficere

107 690 126 709 »
150 678 294 722 autem
317 668 485 718 bonum
512 685 602 714 non
626 685 635 712 ε
664 690 684 709 »
707 667 752 712 id
771 677 833 712 est
853 704 864 722 ‚
896 683 985 716 non
1008 666 1118 711 mihi
1153 666 1320 726 adjacet
1341 668 1478 729 persi-

104 754 197 789 cere
228 738 410 785 bonum.
455 738 552 784 Non
576 738 657 794 ait,
698 737 866 790 facere3
909 736 982 782 sed
1001 773 1011 792 ,
1052 737 1259 800 perficere
1286 737 1469 785 bonum.

107 807 220 863 Quia
253 807 390 852 facere
413 807 604 864 bonum,
631 817 693 853 est
711 818 812 871 post
838 806 1212 869 concupiscentias
1235 823 1322 852 non
1346 807 1433 852 ire2
1462 825 1472 852 :

105 877 310 940 perficere
324 888 463 922 autem
481 878 648 923 bonum
667 915 677 933 ,
700 888 761 922 est
779 895 868 922 non
881 876 1202 938 concupiscere.
1232 876 1363 933 Quod
1379 895 1479 937 crgo

103 946 230 994 estad
247 946 420 992 Galatas
438 966 447 991 :
466 969 484 988 α
501 947 886 1011 Concupiscentias
903 946 1043 993 carnis
1055 964 1106 992 ne
1123 947 1404 1010 perfeceritis3
1425 965 1436 992 :
1457 970 1477 990 ›>

104 1016 191 1064 hoc
214 1034 235 1061 e
258 1018 474 1067 contrario
501 1029 561 1063 est
586 1018 639 1063 ad
665 1019 885 1063 Romanos
907 1034 918 1061 ι
943 1038 962 1056 «
987 1018 1200 1065 Perficere
1220 1028 1362 1064 autem
1390 1018 1478 1064 bo-

106 1109 125 1127 »
147 1104 250 1138 num
272 1104 357 1132 non
380 1088 566 1137 invenio.
592 1110 612 1128 >³
635 1088 748 1143 Quia
767 1105 845 1132 nec
865 1086 951 1132 illae
971 1087 1262 1149 perficiuntur
1280 1088 1324 1134 in
1343 1088 1475 1146 malo,

103 1157 280 1220 quando
303 1158 361 1205 eis
383 1175 470 1203 non
495 1158 662 1206 accedit
696 1167 853 1202 nostrae
876 1156 1113 1202 voluntatis
1140 1174 1330 1207 assensus
1359 1175 1369 1202 :
1397 1175 1477 1204 nec

105 1238 248 1282 nostra
276 1227 476 1280 voluntas
495 1228 722 1292 perficitur
749 1226 793 1272 in
818 1227 933 1271 bono
950 1263 959 1281 ,
986 1225 1183 1289 quandiu
1211 1226 1382 1275 illarum
1408 1227 1480 1272 cui

104 1314 191 1355 non
211 1298 500 1351 consentimus
523 1307 748 1361 permanet
768 1307 924 1342 motus.
951 1297 966 1341 l
975 1313 1048 1359 pse
1069 1314 1118 1344 au
1128 1306 1208 1341 tem
1228 1297 1477 1354 conflictus,

103 1367 149 1415 in
163 1384 251 1431 quo
271 1368 399 1415 etiam
414 1369 624 1431 baptizati
641 1367 817 1412 velutin
838 1384 972 1426 agone
990 1366 1240 1421 decertant,
1262 1384 1362 1419 cum
1376 1384 1478 1412 caro

105 1438 378 1503 concupiscit
414 1438 615 1490 adversus
650 1438 856 1501 spiritum
890 1448 932 1482 ct
959 1437 1137 1500 spiritus
1165 1436 1365 1482 adversus
1394 1454 1486 1482 car-

107 1525 203 1561 nem
220 1530 231 1563 ;
260 1509 337 1557 ubi
351 1519 391 1554 et
411 1509 586 1572 spiritus
611 1508 716 1554 fucit
739 1508 906 1554 bonum
926 1524 1053 1570 opus,
1071 1524 1158 1551 non
1176 1506 1483 1553 consentiendo

100 1573 477 1642 ‘concupiscentius
510 1579 660 1634 malae,
687 1579 759 1630 secl
789 1595 875 1624 non
902 1577 1100 1640 perficit,
1128 1578 1229 1639 quia
1251 1578 1344 1640 ipsa
1370 1577 1484 1623 mala

107 1648 318 1696 desideria
340 1666 429 1695 non
454 1650 670 1703 absumit3
701 1660 743 1701 et
765 1666 869 1696 caro,
891 1648 996 1693 facit
1024 1647 1183 1693 malum
1205 1647 1482 1704 desiderium,

109 1719 180 1766 sed
205 1737 282 1766 nec
306 1721 399 1783 ipsa
423 1720 597 1783 perficit
616 1757 626 1775 2
650 1719 752 1785 quia
772 1736 860 1763 non
880 1718 963 1764 sibi
979 1717 1273 1764 consentiente
1296 1718 1452 1780 spiritu
1470 1755 1481 1774 ‚

107 1800 149 1836 et
178 1790 271 1853 ipsa
300 1790 351 1836 ad
373 1808 503 1854 opera
530 1789 779 1837 damnanda
798 1807 887 1834 non
908 1788 1106 1852 pervenit
1127 1805 1137 1832 ε
1160 1788 1238 1833 iste
1259 1805 1359 1848 ergo
1375 1806 1485 1834 con-

108 1861 253 1908 flictus
290 1880 376 1910 non
410 1861 691 1913 ludaeorum,
733 1878 813 1911 nec
837 1858 1136 1923 quorumlibet
1171 1858 1383 1919 aliorum,
1413 1859 1486 1910 sed

108 1932 238 1999 plane
262 1933 610 1978 Christianorum
630 1931 823 1977 fidelium
842 1941 883 1976 et
897 1931 1006 1980 bene
1027 1928 1214 1977 vivendo
1229 1929 1274 1975 in
1289 1929 1376 1974 hoc
1396 1947 1487 1981 cer-

111 2003 272 2054 tamine
306 2003 632 2058 laborantium,
657 2002 846 2048 breviter
885 1999 1124 2046 ostenditm
1156 1998 1209 2045 ad
1241 1999 1484 2056 Romanos,

111 2073 189 2129 ubi
214 2073 272 2121 ait
296 2091 306 2118 :
331 2095 350 2114 «
380 2073 518 2132 Igitur
540 2064 634 2136 ipse
654 2089 730 2133 ego
764 2083 906 2118 mente
927 2071 1062 2117 servio
1096 2069 1179 2129 legi
1217 2069 1327 2125 Dei,
1356 2086 1485 2120 came

113 2154 254 2197 autem
274 2143 355 2207 logi
373 2143 585 2207 pcccati&
614 2166 632 2184 »

181 2214 341 2263 LXIII.
385 2213 431 2261 Si
471 2230 570 2272 ergo
600 2213 699 2259 haec
733 2223 795 2258 cst
825 2211 1023 2258 conditio.
1050 2211 1097 2255 in
1131 2226 1314 2273 corpore
1341 2208 1491 2254 mortis

113 2283 269 2344 huius,
310 2284 440 2347 (quae
475 2284 624 2346 utique
662 2301 749 2329 non
781 2282 865 2331 fuit
892 2282 938 2328 in
969 2280 1196 2344 purnium,
1228 2280 1274 2325 in
1306 2296 1491 2342 corpore

114 2355 217 2404 vitae
238 2354 410 2415 illius;)
433 2355 590 2418 procul
615 2354 752 2402 dubio
779 2354 880 2399 satis
899 2352 1119 2400 evidenter
1137 2361 1346 2414 apparet,
1377 2350 1492 2399 unde

115 2425 292 2479 trahant
315 2424 485 2488 parvuli
513 2424 823 2485 obligationem
842 2423 1009 2487 peccati
1027 2439 1128 2468 cum
1147 2420 1377 2481 carnaliter
1396 2438 1490 2466 nas-

113 2506 291 2550 cuntur,
319 2511 418 2558 quae
439 2512 525 2540 non
551 2495 732 2541 solvitur
755 2494 836 2540 nisi
863 2511 962 2540 cum
982 2492 1233 2557 spiritaliter
1252 2507 1487 2536 renascun-

164 2580 175 2602 ¹
195 2582 287 2618 Rom,
302 2590 356 2618 vu,
380 2581 478 2613 18.-—-
498 2577 513 2601 2
532 2579 631 2615 Eccli.
649 2591 746 2619 xvm,
767 2581 870 2614 30.-
884 2575 899 2601 3
916 2577 1022 2611 Galat.
1047 2589 1079 2616 ν,
1096 2578 1147 2609 16.
1160 2593 1202 2599 ——
1221 2571 1235 2596 ⁴
1252 2577 1347 2606 Rom.
1368 2585 1425 2611 vu,
1441 2575 1498 2607 25.
