1843 3190
355 283 416 329 66
776 294 812 323 s.
855 289 1099 322 AUGUSTINI
1134 289 1338 320 EPIScom

350 388 371 408 n
394 359 515 423 cetur
543 359 701 410 nomen
727 370 851 405 tuum
887 356 940 401 1:
970 378 990 397 ›>
1030 371 1118 400 non
1155 354 1276 418 quod
1311 364 1509 418 optemus
1547 353 1640 398 Deo
1682 350 1731 398 ut

350 424 645 481 sanctificetur
671 427 942 494 orationibus
964 425 1121 470 nostris
1142 462 1152 480 ‚
1186 425 1259 470 sed
1297 423 1414 488 quod
1441 420 1642 486 petamus
1675 423 1731 483 zib

345 496 395 552 eo
416 516 465 551 ut
490 495 647 550 nomen
663 504 753 562 ejus
787 497 1080 544 sanctificetur
1106 495 1151 540 in
1175 496 1316 541 nobis.
1353 495 1570 540 Caeterum
1592 510 1615 537 a
1639 477 1730 556 q'uti

345 566 462 622 Deus
488 574 807 624 sanctificatur,
842 567 920 631 qui
943 567 1035 628 ipse
1063 565 1339 610 sanctificat?
1373 564 1459 610 Sed
1495 563 1599 626 quia
1638 562 1732 625 ipse
1786 560 1788 562 ’

343 646 449 692 dixit
469 663 480 689 :
499 666 519 685 c<
541 642 690 689 Sancti
709 649 860 693 estote„
884 635 1091 700 quoniam
1112 645 1246 694 etego
1269 645 1442 680 sanctus
1456 650 1551 678 sum
1572 633 1589 660 2
1611 649 1621 676 :
1644 651 1665 672 ›>
1685 630 1732 676 id

341 716 530 781 petimus
553 724 595 758 et
620 725 845 771 rogamus,
869 706 1013 769 utqui
1048 704 1093 750 in
1135 705 1353 767 baptismo
1379 701 1636 749 sanctificati
1655 717 1732 746 su·
1789 759 1790 762 Ἴ

345 804 459 841 mus,
485 786 529 830 in
554 781 737 846 eoquod
754 796 840 824 esse
855 777 1072 839 coepimus
1092 792 1424 838 perseveremus.
1456 776 1511 819 Et
1537 772 1730 819 alioloco
1784 777 1791 831 f

342 858 387 902 in
406 855 551 901 eadem
572 851 793 915 Epistola:
821 847 1032 892 Addimus
1056 861 1250 907 quoque,
1271 845 1434 907 inquit,
1462 856 1502 890 et
1521 844 1726 897 dicimus3
1841 858 1843 884 j

343 948 362 968 «
386 926 478 970 Fiat
497 923 697 968 voluntas
718 931 790 964 tua
813 918 858 962 in
886 914 999 961 coelo
1039 925 1080 959 et
1099 915 1143 959 in
1166 925 1275 959 terra
1298 915 1316 942 3
1347 932 1357 959 :
1382 936 1401 956 »
1421 932 1509 960 non
1533 925 1582 959 ut
1614 916 1729 959 Deus
1782 963 1785 967 .
1839 958 1843 969 Ι

341 992 602 1058 faciatquod
619 991 731 1045 vult,
762 987 835 1033 sed
862 997 910 1031 ut
937 1002 1015 1030 nos
1038 983 1177 1030 facere
1207 985 1420 1047 possimus
1447 985 1567 1048 quod
1609 985 1725 1044 Deus
1787 969 1792 983 ⁴
1839 981 1843 986 ’

343 1066 450 1112 vult.
474 1066 585 1110 Nam
605 1063 695 1106 Deo
712 1058 809 1123 quis
829 1055 1017 1108 obsistit,
1052 1054 1286 1117 quominus
1304 1054 1422 1117 quod
1439 1055 1541 1100 velit
1558 1054 1722 1100 faciat?

351 1135 434 1182 Sed
456 1134 563 1198 quia
586 1129 714 1177 nobis
735 1146 756 1173 a
778 1124 956 1172 diabolo
982 1124 1224 1172 obsistitur.
1268 1125 1504 1187 quominus
1528 1142 1606 1188 per
1626 1142 1725 1170 om-

344 1207 417 1253 nia
440 1214 582 1250 noster
601 1200 768 1246 animus
789 1207 916 1259 atque
949 1205 1070 1240 actus
1113 1194 1202 1239 Deo
1226 1194 1511 1257 obsequatur,
1552 1212 1726 1240 oramus
1788 1214 1793 1252 5

346 1289 386 1324 et
412 1276 600 1340 petimus
628 1281 675 1317 ut
700 1271 776 1314 fiat
799 1269 844 1312 in
868 1265 995 1310 nobis
1021 1265 1220 1310 voluntas
1249 1266 1344 1311 Dei.
1378 1266 1491 1322 Quae
1515 1277 1561 1311 ut
1590 1267 1664 1311 fiat
1682 1267 1726 1310 in'
1788 1291 1795 1332 ss
1838 1281 1843 1301 ι

345 1348 489 1400 nobis,
515 1359 624 1406 opus
650 1350 710 1385 est
730 1337 808 1383 Dei
829 1336 1069 1389 voluntate,
1088 1333 1133 1380 id
1157 1345 1236 1390 est,
1264 1346 1347 1398 ope
1371 1339 1460 1395 ejus
1485 1347 1525 1380 et
1550 1346 1727 1398 proteo.
1785 1343 1796 1375 ᾳ

344 1413 461 1464 tione
485 1435 495 1461 :
525 1413 627 1477 quia
650 1425 778 1455 nemo
806 1407 892 1452 suis
917 1407 1084 1451 viribus
1107 1405 1229 1451 fortis
1267 1416 1355 1463 estu,
1384 1406 1457 1452 sed
1480 1408 1555 1451 Dei
1576 1407 1727 1451 indul-
1790 1396 1795 1451 v3
1839 1423 1843 1437 ¹

345 1487 485 1549 gentia
504 1495 545 1529 et
566 1477 858 1527 misericordia
876 1486 993 1520 tutus
1006 1486 1082 1521 est.
1108 1498 1127 1516 »
1148 1477 1261 1520 Item
1283 1475 1365 1521 alio
1391 1494 1401 1521 :
1424 1498 1442 1516 «
1457 1477 1567 1537 Fieri
1585 1488 1726 1522 autem
1790 1476 1795 1526 ξ’

342 1557 548 1621 petimus,
572 1546 732 1614 inquit,
758 1546 1029 1593 voluntatem
1048 1546 1125 1590 Dei
1140 1546 1185 1590 in
1203 1545 1316 1591 coelo
1336 1557 1377 1591 et
1394 1547 1438 1591 in
1462 1558 1590 1602 terra,
1608 1548 1727 1610 quod

342 1639 579 1687 utrumque
598 1620 651 1666 ad
673 1616 1091 1664 consummationem
1114 1627 1269 1661 nostrae
1289 1616 1601 1662 incolumitatis
1626 1636 1729 1681 per-
1787 1611 1797 1658 '‚

347 1699 454 1744 tinet
478 1707 518 1741 et
543 1691 704 1738 salutis,
736 1690 846 1734 Nam
866 1703 965 1731 cum
983 1703 1142 1749 corpus
1165 1703 1186 1730 e
1207 1697 1317 1731 terra
1338 1698 1380 1731 et
1398 1687 1598 1750 spiritum
1624 1691 1727 1751 Pos—

348 1768 562 1814 sideamus
580 1779 601 1807 e
628 1759 767 1812 coelo,
794 1756 878 1820 ipsi
902 1767 1011 1800 terra
1032 1766 1072 1800 et
1099 1755 1262 1814 coelum
1286 1773 1449 1811 sumus,
1473 1769 1514 1802 et
1534 1759 1578 1820 in
1605 1770 1728 1803 utro-
1794 1755 1797 1767 ¹

350 1855 432 1903 que
451 1874 461 1892 ‚
482 1834 524 1880 id
551 1842 640 1885 est,
685 1829 731 1874 in
771 1842 953 1889 corpore
983 1835 1024 1870 et
1061 1825 1218 1887 spiritu
1239 1835 1287 1870 ut
1315 1827 1390 1871 Dei
1415 1827 1616 1873 voluntas
1653 1830 1730 1873 fiat
1794 1861 1797 1866 .
1837 1853 1842 1869 ι

353 1923 540 1955 oramus.
569 1899 643 1947 Est
656 1897 770 1945 enim
789 1897 901 1942 inter
919 1912 1091 1940 carnem
1117 1905 1159 1939 et
1177 1895 1376 1958 spiritum
1399 1897 1668 1953 colluctatio,
1689 1909 1731 1943 et

354 1972 708 2025 discordantibus
739 1967 939 2012 adversus
962 1982 1004 2010 se
1028 1964 1215 2010 invicem
1241 1966 1496 2028 quotidiana
1523 1985 1730 2027 congres-
1786 1998 1788 2003 ·

353 2049 434 2102 sio,
455 2056 508 2091 ut
535 2060 622 2088 non
646 2056 745 2103 quae
776 2036 996 2091 volumus,
1028 2034 1121 2098 ipsa
1138 2034 1364 2092 faciamus,
1407 2037 1514 2082 dum
1553 2029 1731 2100 spiritus

356 2114 547 2164 coelestia
564 2122 606 2156 et
625 2109 771 2155 divina
790 2105 966 2169 quaerit,
994 2121 1095 2150 caro
1123 2114 1292 2150 terrena
1314 2117 1354 2151 et
1369 2107 1594 2153 saecularia
1619 2124 1731 2153 con-

356 2179 557 2251 cupiscit.
589 2183 644 2226 Et
678 2179 775 2225 ideo
814 2177 1003 2240 petimus
1042 2177 1154 2221 inter
1188 2176 1276 2221 duo
1299 2177 1379 2222 ista
1403 2195 1486 2240 ope
1514 2189 1555 2223 et
1577 2179 1732 2224 auxilio

356 2250 437 2304 Dei
461 2250 738 2300 concordiam
762 2247 883 2300 fieri3
916 2256 965 2292 ut
990 2245 1096 2291 dum
1131 2256 1173 2290 et
1198 2246 1244 2291 in
1281 2248 1439 2309 spiritu
1462 2258 1504 2292 et
1534 2250 1579 2293 in
1605 2266 1732 2294 carne

356 2327 557 2375 voluntas
577 2322 649 2365 Dei
669 2321 846 2379 geritur,
874 2334 973 2380 quae
996 2333 1076 2379 per
1096 2333 1192 2361 eum
1216 2328 1359 2362 renata
1381 2328 1458 2372 est,
1482 2320 1623 2364 anima
1646 2337 1732 2364 ser-

359 2407 495 2445 vetur,
522 2389 655 2448 Quod
679 2398 824 2451 aperte
848 2397 976 2449 atque
994 2384 1218 2431 manifeste
1235 2387 1454 2449 apostolus
1474 2384 1634 2433 Paulus
1657 2406 1733 2434 sua
1788 2425 1801 2442 s,
1842 2426 1843 2431 ,

359 2483 467 2515 voce
490 2462 680 2526 declarat
703 2477 713 2504 ς
734 2480 752 2499 α
773 2459 904 2509 Caro,
929 2455 1088 2520 inquit,
1122 2458 1395 2520 concupiscit
1414 2459 1616 2504 adversus
1639 2460 1732 2522 spi-
1792 2469 1801 2479 ¹

361 2530 383 2582 ἦ
405 2521 556 2589 istum,
574 2542 616 2577 et
635 2529 810 2593 spiritus
835 2527 1035 2573 adversus
1060 2532 1262 2581 carnemg
1284 2527 1383 2574 haec
1404 2522 1519 2577 enini
1545 2530 1731 2578 invicem
1792 2523 1801 2573 ’ἶ

411 2621 422 2644 ¹
444 2601 562 2654 hlium.
575 2624 622 2660 vr,
639 2624 673 2654 9.
688 2629 733 2636 —
752 2609 767 2635 ²
782 2610 885 2644 Levit.
899 2620 968 2650 λιι,
986 2620 1019 2644 2.
1035 2627 1080 2636 —
1092 2607 1107 2634 3
1123 2609 1240 2644 Matth.
1260 2621 1306 2651 vx,
1325 2622 1376 2646 10.
1785 2600 1795 2607 ⁴
