1843 3190
110 324 284 360 CONTRA
319 325 432 358 DUAS
465 325 696 357 EPISTOLAS
732 324 1096 367 PELAGIANORUM,
1135 323 1223 357 Ltss.
1266 325 1334 359 111.
1417 328 1472 378 19

108 395 332 460 paratione
353 387 548 439 dicamus
565 402 733 437 sanctos
757 391 945 455 aliquam
969 392 1199 438 exercuisse
1213 392 1430 442 virtutem.
1451 418 1471 439 »

110 466 236 511 Absit
267 475 314 508 ut
339 464 417 509 ista
442 461 671 506 dicamus:
710 461 781 506 sed
813 473 886 507 aut
923 479 1010 507 non
1035 462 1178 507 valent
1216 462 1473 523 intelligere,

110 546 184 581 aut
212 534 368 580 nolunt
391 532 644 586 advertere·,
679 543 752 576 aut
774 532 1070 577 caiumniandi
1104 531 1246 577 studio
1272 532 1474 582 dissimu-

108 605 201 650 lant
223 621 266 649 se
286 603 395 648 scire
415 601 535 665 quod
556 600 756 646 dicimus.
783 601 973 647 Audiant
1005 618 1104 661 ergo
1124 639 1134 657 ,
1163 602 1230 647 vel
1259 602 1341 665 ipsi
1357 639 1368 658 ,
1396 600 1475 650 ‘v²el

110 674 255 737 'potius
276 673 307 718 ii
334 689 442 734 quos
473 671 630 716 idiotas
653 681 694 715 et
729 671 968 716 ineruditos
991 671 1189 734 decipere
1216 671 1469 720 moliuntur.

111 744 269 789 Nostra
301 741 429 797 fides,
465 740 552 785 hoc
575 751 652 795 est,
676 741 891 786 catholica
922 741 1027 786 fides
1050 744 1189 800 justos
1208 741 1263 786 ab
1287 741 1476 801 injustis,

111 828 200 857 non
216 827 416 874 operum,
440 809 511 855 sed
529 810 620 872 ipsa
644 809 745 854 fidei
771 810 861 869 lege
892 809 1097 855 discernit
1121 827 1130 854 :
1158 811 1258 872 quia
1274 814 1416 869 Justus
1434 830 1482 857 ex

113 901 135 922 κ
156 880 242 925 fide
261 878 413 926 vivit1.
441 900 461 921 »
488 880 571 923 Per
595 896 726 941 quam
749 879 1048 924 discretionem
1075 879 1153 934 sit,
1183 891 1232 924 ut
1251 879 1384 925 homo
1404 880 1484 926 du-

113 966 213 995 cens
229 953 363 995 vitam
383 949 471 993 sine
493 948 750 1003 homicidio,
778 949 865 994 sine
884 949 1018 1005 furto,
1048 949 1136 994 sine
1154 948 1262 994 falso
1291 950 1485 996 testimo-

113 1020 205 1073 nio,
230 1018 320 1062 sine
342 1018 543 1080 appetitu
565 1018 626 1061 rei
648 1018 774 1062 ullius
800 1019 975 1074 alienae,
1000 1019 1257 1080 parentibus
1276 1018 1489 1065 honorem

115 1088 314 1134 debitum
333 1087 516 1132 reddens
530 1122 541 1142 ,
567 1097 707 1132 castus
727 1104 861 1150 usque
891 1088 945 1133 ad
963 1088 1272 1133 continentiam
1294 1088 1349 1133 ab
1365 1090 1485 1152 omni

117 1157 295 1203 omnino
312 1157 553 1202 concubitu
572 1192 582 1211 ,
605 1157 731 1201 etiam
747 1157 964 1217 conjugali
978 1194 988 1213 ,
1012 1158 1375 1220 eleemosynarum
1396 1157 1488 1203 lar-

118 1227 330 1287 gissimus,
357 1225 619 1284 injuriarum
644 1226 986 1288 patientissimus
1005 1264 1015 1283 ,
1045 1228 1220 1289 quinon
1238 1226 1378 1272 solum
1403 1221 1492 1274 non

119 1296 282 1342 auferat
306 1295 439 1341 aliena
458 1332 469 1351 ,
495 1294 568 1339 sed
602 1312 680 1340 nec
711 1313 786 1341 sua
814 1307 1010 1360 reposcat
1048 1297 1219 1351 ablata,
1256 1296 1324 1341 vel
1362 1298 1490 1343 etiam

117 1365 244 1412 vendi
254 1367 302 1410 tis
316 1365 519 1410 omnibus
543 1364 628 1409 suis
648 1367 970 1429 erogatisquein
986 1384 1196 1430 pauperes
1214 1403 1225 1423 ,
1239 1366 1348 1411 nihil
1365 1362 1493 1412 suum

118 1435 436 1499 propriumque
453 1434 698 1497 possideat3
734 1453 834 1481 cum
862 1437 948 1482 suis
973 1448 1115 1482 tamen
1140 1437 1230 1481 istis
1245 1435 1363 1481 velut
1384 1436 1487 1483 lau-

120 1505 341 1550 dabilibus
358 1506 569 1560 moribus,
599 1505 633 1548 si
659 1506 809 1550 nonin
837 1507 975 1551 Deum
1002 1507 1131 1551 fidem
1163 1515 1324 1550 rectam
1349 1516 1391 1550 et
1415 1524 1493 1552 ca-

121 1575 331 1620 tholicam
351 1584 510 1629 teneat,
533 1573 586 1618 de
608 1573 694 1618 hac
714 1575 802 1619 vita
818 1575 1092 1620 damnandus
1118 1574 1336 1621 abscedat.
1368 1576 1489 1622 Alius

82 1649 97 1651 ’
123 1654 265 1690 autem
280 1680 291 1698 ,
322 1643 489 1688 habens
507 1642 684 1705 quidem
705 1660 836 1706 opera
854 1645 970 1689 hona
990 1658 1039 1690 ex*
1059 1644 1143 1689 fide
1167 1655 1282 1689 recta
1304 1662 1404 1708 quae
1419 1663 1499 1708 per

123 1713 394 1759 dilectionem
414 1712 666 1774 operatur2,
688 1730 776 1757 non
801 1724 944 1758 tamen
966 1714 1025 1758 ita
1045 1724 1091 1758 ut
1118 1714 1188 1759 ille
1212 1713 1322 1758 bene
1351 1731 1499 1760 mora-

123 1795 215 1840 tus,
235 1783 591 1830 incontinentiam
609 1799 731 1827 suam
747 1794 958 1828 sustentat
978 1785 1202 1829 honestate
1218 1780 1496 1846 nuptiarum,

126 1854 316 1914 conjugii
343 1852 525 1898 carnalis
556 1852 754 1898 debitum
779 1865 819 1898 et
852 1854 994 1899 reddit
1027 1865 1067 1900 et
1090 1855 1274 1917 repetit,
1300 1871 1379 1899 nec
1407 1855 1497 1900 sola

124 1924 447 1989 propagationis
470 1940 598 1968 causa
617 1959 628 1979 ,
663 1940 811 1969 verum
843 1926 970 1970 etiam
1003 1925 1266 1988 voluptatis,
1299 1927 1498 1987 quamvis

127 2013 229 2041 cum
254 1995 341 2040 sola
367 2011 494 2040 uxore
510 2031 519 2049 ,
544 1995 825 2050 concumbit,
852 1995 969 2058 quod
992 1996 1234 2055 conjugatis
1259 1995 1498 2041 secundum

128 2066 296 2112 veniam
320 2063 520 2109 concedit
542 2063 774 2126 Apostolus
795 2065 811 2091 5
831 2085 842 2117 ;
870 2065 1049 2124 injurias
1064 2082 1152 2110 non
1178 2075 1266 2110 tam
1282 2066 1499 2128 patienter

114 2135 308 2197 accipit,
325 2134 396 2179 sed
417 2133 651 2178 ulciscendi
670 2133 912 2196 cupiditate
926 2134 1062 2180 fertur
1085 2135 1220 2180 iratus
1239 2154 1249 2187 3
1277 2136 1493 2196 quamvis,

131 2215 179 2250 ut
200 2204 335 2267 possit
359 2203 526 2248 sidere:
557 2224 577 2243 α
595 2203 718 2247 Sicut
751 2215 792 2247 et
826 2221 902 2249 nos
934 2205 1192 2250 dimittimus
1222 2203 1496 2249 debitoribus

132 2296 153 2317 ιο
176 2273 379 2328 nostris&
407 2294 426 2314 ›>
453 2282 626 2331 rogatus
647 2272 863 2331 ignoscat:
885 2274 1075 2336 possidet
1099 2291 1188 2318 rem
1217 2272 1493 2331 familiarem,

130 2343 288 2389 faciens
316 2342 416 2388 inde
440 2341 617 2405 quidem
648 2341 958 2405 eleemosynas,
988 2361 1074 2388 non
1092 2354 1237 2387 tamen
1267 2359 1398 2405 quam
1430 2345 1502 2390 iile

132 2423 221 2459 tam
244 2413 382 2473 largas
404 2430 414 2456 ε
443 2429 530 2456 non
555 2411 691 2455 aufert
717 2411 876 2465 uliena;
903 2412 974 2457 sed
994 2412 1195 2475 quamvis
1213 2412 1501 2458 ecclesiastico

128 2484 295 2545 judicio
314 2519 324 2537 ,
351 2499 439 2527 non
455 2481 612 2526 forensi
631 2518 641 2536 ,
668 2491 813 2526 tamen
835 2483 992 2545 repetit
1019 2499 1094 2528 sua
1114 2500 1124 2526 :
1154 2499 1309 2545 nempe
1331 2483 1408 2528 iste
1426 2484 1503 2546 qui

134 2553 328 2599 moribus
347 2551 421 2598 illo
439 2550 609 2598 videtur
624 2550 800 2596 inferior
814 2589 825 2608 ,
852 2562 1036 2615 propter
1057 2562 1221 2598 rectam
1244 2552 1375 2598 fidem
1403 2568 1505 2613 quae

186 2635 197 2658 ¹
214 2634 318 2668 Galat.
334 2645 384 2677 m,
403 2645 457 2666 u.
471 2651 516 2659 —
529 2631 545 2656 2
562 2632 609 2667 Id.
625 2643 654 2673 v,
681 2632 767 2665 6.-
782 2630 796 2658 3
817 2644 831 2666 1
849 2634 922 2681 Cor.¹
940 2643 1000 2681 vn,
1012 2634 1045 2680 6.
1063 2650 1108 2661 —-
1121 2630 1137 2658 ἱ
1153 2631 1270 2667 Matth.
1283 2643 1333 2677 vx,
1356 2643 1410 2670 η.

1296 2702 1340 2754 ²²1
