<?xml version="1.0" encoding="UTF-8"?>
<!DOCTYPE html PUBLIC "-//W3C//DTD XHTML 1.0 Transitional//EN"
    "http://www.w3.org/TR/xhtml1/DTD/xhtml1-transitional.dtd">
<html xmlns="http://www.w3.org/1999/xhtml" xml:lang="en" lang="en">
 <head>
  <title>
</title>
<meta http-equiv="Content-Type" content="text/html;charset=utf-8" />
  <meta name='ocr-system' content='tesseract 3.04.00' />
  <meta name='ocr-capabilities' content='ocr_page ocr_carea ocr_par ocr_line ocrx_word'/>
</head>
<body>
  <div class='ocr_page' id='page_1' title='image "./operaomniaaccura35auguuoft/operaomniaaccura35auguuoft_0483.png"; bbox 0 0 1843 3190; ppageno 0'>
   <div class='ocr_carea' id='block_1_1' title="bbox 320 338 1488 400">
    <p class='ocr_par' dir='ltr' id='par_1_1' title="bbox 320 338 1488 400">
     <span class='ocr_line' id='line_1_1' title="bbox 320 338 1488 400; baseline 0.005 -24"><span class='ocrx_word' id='word_1_1' title='bbox 320 347 452 377; x_wconf 71' lang='lat' dir='ltr'>mmm</span> <span class='ocrx_word' id='word_1_2' title='bbox 488 347 542 378; x_wconf 84' lang='lat' dir='ltr'>DE</span> <span class='ocrx_word' id='word_1_3' title='bbox 579 347 742 379; x_wconf 62' lang='lat' dir='ltr'>cama</span> <span class='ocrx_word' id='word_1_4' title='bbox 777 349 829 379; x_wconf 77' lang='lat' dir='ltr'>Er</span> <span class='ocrx_word' id='word_1_5' title='bbox 863 349 1024 379; x_wconf 75' lang='lat' dir='ltr'>L1BERO</span> <span class='ocrx_word' id='word_1_6' title='bbox 1062 349 1288 383; x_wconf 75' lang='lat' dir='ltr'>ARssmuo.</span> <span class='ocrx_word' id='word_1_7' title='bbox 1396 338 1488 400; x_wconf 72' lang='lat'>473</span> 
     </span>
    </p>
   </div>
   <div class='ocr_carea' id='block_1_2' title="bbox 123 412 1524 2581">
    <p class='ocr_par' dir='ltr' id='par_1_2' title="bbox 123 412 1511 1806">
     <span class='ocr_line' id='line_1_2' title="bbox 126 412 1495 478; baseline 0.004 -22"><span class='ocrx_word' id='word_1_8' title='bbox 126 412 277 457; x_wconf 87' lang='lat' dir='ltr'>merita</span> <span class='ocrx_word' id='word_1_9' title='bbox 305 423 449 458; x_wconf 83' lang='lat' dir='ltr'>nostra</span> <span class='ocrx_word' id='word_1_10' title='bbox 472 412 583 468; x_wconf 86' lang='lat' dir='ltr'>dari,</span> <span class='ocrx_word' id='word_1_11' title='bbox 610 414 689 458; x_wconf 85' lang='lat' dir='ltr'>ista</span> <span class='ocrx_word' id='word_1_12' title='bbox 707 413 949 459; x_wconf 85' lang='lat' dir='ltr'>testimonia</span> <span class='ocrx_word' id='word_1_13' title='bbox 972 414 1032 459; x_wconf 87' lang='lat' dir='ltr'>sic</span> <span class='ocrx_word' id='word_1_14' title='bbox 1057 415 1279 478; x_wconf 84' lang='lat' dir='ltr'>accipiunt</span> <span class='ocrx_word' id='word_1_15' title='bbox 1296 453 1308 472; x_wconf 84' lang='lat'>‚</span> <span class='ocrx_word' id='word_1_16' title='bbox 1339 427 1387 462; x_wconf 90' lang='lat' dir='ltr'>ut</span> <span class='ocrx_word' id='word_1_17' title='bbox 1422 416 1495 462; x_wconf 89' lang='lat' dir='ltr'>di-</span> 
     </span>
     <span class='ocr_line' id='line_1_3' title="bbox 123 482 1491 546; baseline 0.002 -18"><span class='ocrx_word' id='word_1_18' title='bbox 123 492 225 528; x_wconf 90' lang='lat' dir='ltr'>cant</span> <span class='ocrx_word' id='word_1_19' title='bbox 249 482 450 527; x_wconf 89' lang='lat' dir='ltr'>meritum</span> <span class='ocrx_word' id='word_1_20' title='bbox 469 494 662 528; x_wconf 80' lang='lat' dir='ltr'>nostrum</span> <span class='ocrx_word' id='word_1_21' title='bbox 686 483 731 528; x_wconf 85' lang='lat' dir='ltr'>in</span> <span class='ocrx_word' id='word_1_22' title='bbox 755 500 803 528; x_wconf 86' lang='lat' dir='ltr'>eo</span> <span class='ocrx_word' id='word_1_23' title='bbox 827 500 928 536; x_wconf 74' lang='lat' dir='ltr'>esse,</span> <span class='ocrx_word' id='word_1_24' title='bbox 948 484 1067 546; x_wconf 87' lang='lat' dir='ltr'>quod</span> <span class='ocrx_word' id='word_1_25' title='bbox 1082 502 1227 530; x_wconf 89' lang='lat' dir='ltr'>sumus</span> <span class='ocrx_word' id='word_1_26' title='bbox 1245 503 1345 531; x_wconf 89' lang='lat' dir='ltr'>cum</span> <span class='ocrx_word' id='word_1_27' title='bbox 1369 487 1491 541; x_wconf 91' lang='lat' dir='ltr'>Deo;</span> 
     </span>
     <span class='ocr_line' id='line_1_4' title="bbox 124 553 1496 612; baseline 0.004 -16"><span class='ocrx_word' id='word_1_28' title='bbox 124 555 214 610; x_wconf 86' lang='lat' dir='ltr'>ejus</span> <span class='ocrx_word' id='word_1_29' title='bbox 249 562 389 596; x_wconf 86' lang='lat' dir='ltr'>autem</span> <span class='ocrx_word' id='word_1_30' title='bbox 417 553 598 611; x_wconf 79' lang='lat' dir='ltr'>gratiam</span> <span class='ocrx_word' id='word_1_31' title='bbox 625 553 862 598; x_wconf 86' lang='lat' dir='ltr'>secundum</span> <span class='ocrx_word' id='word_1_32' title='bbox 894 553 981 598; x_wconf 82' lang='lat' dir='ltr'>hoc</span> <span class='ocrx_word' id='word_1_33' title='bbox 1006 555 1205 600; x_wconf 89' lang='lat' dir='ltr'>meritum</span> <span class='ocrx_word' id='word_1_34' title='bbox 1229 555 1352 612; x_wconf 83' lang='lat' dir='ltr'>dari,</span> <span class='ocrx_word' id='word_1_35' title='bbox 1377 567 1424 601; x_wconf 86' lang='lat' dir='ltr'>ut</span> <span class='ocrx_word' id='word_1_36' title='bbox 1443 556 1496 601; x_wconf 86' lang='lat' dir='ltr'>sit</span> 
     </span>
     <span class='ocr_line' id='line_1_5' title="bbox 125 622 1496 688; baseline 0.002 -21"><span class='ocrx_word' id='word_1_37' title='bbox 125 633 168 667; x_wconf 87' lang='lat' dir='ltr'>et</span> <span class='ocrx_word' id='word_1_38' title='bbox 185 622 277 684; x_wconf 78' lang='lat' dir='ltr'>ipse</span> <span class='ocrx_word' id='word_1_39' title='bbox 290 622 536 668; x_wconf 86' lang='lat' dir='ltr'>nobiscum.</span> <span class='ocrx_word' id='word_1_40' title='bbox 565 624 672 667; x_wconf 88' lang='lat' dir='ltr'>ltem</span> <span class='ocrx_word' id='word_1_41' title='bbox 689 623 889 668; x_wconf 89' lang='lat' dir='ltr'>meritum</span> <span class='ocrx_word' id='word_1_42' title='bbox 909 635 1102 668; x_wconf 85' lang='lat' dir='ltr'>nostrum</span> <span class='ocrx_word' id='word_1_43' title='bbox 1122 625 1228 669; x_wconf 84' lang='lat' dir='ltr'>ineo</span> <span class='ocrx_word' id='word_1_44' title='bbox 1251 643 1353 680; x_wconf 82' lang='lat' dir='ltr'>esse,</span> <span class='ocrx_word' id='word_1_45' title='bbox 1376 624 1496 688; x_wconf 83' lang='lat' dir='ltr'>quod</span> 
     </span>
     <span class='ocr_line' id='line_1_6' title="bbox 125 691 1497 755; baseline 0.003 -20"><span class='ocrx_word' id='word_1_46' title='bbox 125 691 366 755; x_wconf 85' lang='lat' dir='ltr'>quaerimus</span> <span class='ocrx_word' id='word_1_47' title='bbox 404 707 525 748; x_wconf 80' lang='lat' dir='ltr'>eum3</span> <span class='ocrx_word' id='word_1_48' title='bbox 567 702 608 736; x_wconf 89' lang='lat' dir='ltr'>et</span> <span class='ocrx_word' id='word_1_49' title='bbox 651 692 889 737; x_wconf 88' lang='lat' dir='ltr'>secundum</span> <span class='ocrx_word' id='word_1_50' title='bbox 930 692 1017 738; x_wconf 88' lang='lat' dir='ltr'>hoc</span> <span class='ocrx_word' id='word_1_51' title='bbox 1049 695 1248 738; x_wconf 89' lang='lat' dir='ltr'>meritum</span> <span class='ocrx_word' id='word_1_52' title='bbox 1289 694 1383 739; x_wconf 85' lang='lat' dir='ltr'>dari</span> <span class='ocrx_word' id='word_1_53' title='bbox 1407 699 1497 753; x_wconf 70' lang='lat' dir='ltr'>eJus</span> 
     </span>
     <span class='ocr_line' id='line_1_7' title="bbox 125 762 1495 827; baseline 0.002 -22"><span class='ocrx_word' id='word_1_54' title='bbox 125 762 305 821; x_wconf 82' lang='lat' dir='ltr'>gratiam</span> <span class='ocrx_word' id='word_1_55' title='bbox 326 797 336 814; x_wconf 86' lang='lat'><strong><em>‚</em></strong></span> <span class='ocrx_word' id='word_1_56' title='bbox 359 771 407 805; x_wconf 89' lang='lat' dir='ltr'>ut</span> <span class='ocrx_word' id='word_1_57' title='bbox 434 762 702 806; x_wconf 79' lang='lat' dir='ltr'>inveniamus</span> <span class='ocrx_word' id='word_1_58' title='bbox 736 779 847 808; x_wconf 90' lang='lat' dir='ltr'>eum.</span> <span class='ocrx_word' id='word_1_59' title='bbox 886 763 942 807; x_wconf 82' lang='lat' dir='ltr'>Et</span> <span class='ocrx_word' id='word_1_60' title='bbox 976 763 1019 808; x_wconf 90' lang='lat' dir='ltr'>in</span> <span class='ocrx_word' id='word_1_61' title='bbox 1056 763 1171 808; x_wconf 87' lang='lat' dir='ltr'>libro</span> <span class='ocrx_word' id='word_1_62' title='bbox 1204 764 1346 826; x_wconf 73' lang='lat' dir='ltr'>primo</span> <span class='ocrx_word' id='word_1_63' title='bbox 1378 763 1495 827; x_wconf 87' lang='lat' dir='ltr'>quod</span> 
     </span>
     <span class='ocr_line' id='line_1_8' title="bbox 128 830 1500 891; baseline 0.001 -16"><span class='ocrx_word' id='word_1_64' title='bbox 128 830 295 876; x_wconf 84' lang='lat' dir='ltr'>dictum</span> <span class='ocrx_word' id='word_1_65' title='bbox 320 841 397 885; x_wconf 70' lang='lat' dir='ltr'>est,</span> <span class='ocrx_word' id='word_1_66' title='bbox 415 852 434 871; x_wconf 86' lang='lat'>&lt;‹</span> <span class='ocrx_word' id='word_1_67' title='bbox 452 832 506 875; x_wconf 88' lang='lat' dir='ltr'>Et</span> <span class='ocrx_word' id='word_1_68' title='bbox 530 841 595 877; x_wconf 87' lang='lat' dir='ltr'>tu.</span> <span class='ocrx_word' id='word_1_69' title='bbox 622 831 827 876; x_wconf 79' lang='lat' dir='ltr'>Salomon</span> <span class='ocrx_word' id='word_1_70' title='bbox 851 832 912 876; x_wconf 85' lang='lat' dir='ltr'>fili</span> <span class='ocrx_word' id='word_1_71' title='bbox 939 833 1015 888; x_wconf 87' lang='lat' dir='ltr'>mi,</span> <span class='ocrx_word' id='word_1_72' title='bbox 1040 850 1250 891; x_wconf 84' lang='lat' dir='ltr'><strong>cognosce</strong></span> <span class='ocrx_word' id='word_1_73' title='bbox 1274 835 1432 887; x_wconf 84' lang='lat' dir='ltr'>Deum,</span> <span class='ocrx_word' id='word_1_74' title='bbox 1457 843 1500 877; x_wconf 86' lang='lat' dir='ltr'>et</span> 
     </span>
     <span class='ocr_line' id='line_1_9' title="bbox 127 900 1502 965; baseline 0.004 -23"><span class='ocrx_word' id='word_1_75' title='bbox 127 900 274 946; x_wconf 81' lang='lat' dir='ltr'>»servi</span> <span class='ocrx_word' id='word_1_76' title='bbox 309 901 346 945; x_wconf 90' lang='lat' dir='ltr'>ei</span> <span class='ocrx_word' id='word_1_77' title='bbox 368 901 412 945; x_wconf 91' lang='lat' dir='ltr'>in</span> <span class='ocrx_word' id='word_1_78' title='bbox 435 901 565 945; x_wconf 83' lang='lat' dir='ltr'>corde</span> <span class='ocrx_word' id='word_1_79' title='bbox 590 903 780 963; x_wconf 81' lang='lat' dir='ltr'>perfecto</span> <span class='ocrx_word' id='word_1_80' title='bbox 795 912 836 945; x_wconf 84' lang='lat' dir='ltr'>et</span> <span class='ocrx_word' id='word_1_81' title='bbox 861 902 1003 946; x_wconf 86' lang='lat' dir='ltr'>anima</span> <span class='ocrx_word' id='word_1_82' title='bbox 1026 903 1215 955; x_wconf 70' lang='lat' dir='ltr'>volente3</span> <span class='ocrx_word' id='word_1_83' title='bbox 1233 903 1333 965; x_wconf 82' lang='lat' dir='ltr'>quia</span> <span class='ocrx_word' id='word_1_84' title='bbox 1358 903 1502 948; x_wconf 83' lang='lat' dir='ltr'>onmia</span> 
     </span>
     <span class='ocr_line' id='line_1_10' title="bbox 127 969 1496 1031; baseline 0.003 -18"><span class='ocrx_word' id='word_1_85' title='bbox 127 969 291 1015; x_wconf 81' lang='lat' dir='ltr'>»corda</span> <span class='ocrx_word' id='word_1_86' title='bbox 316 980 532 1015; x_wconf 84' lang='lat' dir='ltr'>scrutatur</span> <span class='ocrx_word' id='word_1_87' title='bbox 557 971 784 1026; x_wconf 75' lang='lat' dir='ltr'>Dominus,</span> <span class='ocrx_word' id='word_1_88' title='bbox 811 982 1032 1016; x_wconf 87' lang='lat' dir='ltr'>etomnem</span> <span class='ocrx_word' id='word_1_89' title='bbox 1047 973 1349 1031; x_wconf 85' lang='lat' dir='ltr'>cogitationem</span> <span class='ocrx_word' id='word_1_90' title='bbox 1372 989 1496 1017; x_wconf 89' lang='lat' dir='ltr'>men-</span> 
     </span>
     <span class='ocr_line' id='line_1_11' title="bbox 127 1041 1499 1104; baseline 0.003 -21"><span class='ocrx_word' id='word_1_91' title='bbox 127 1041 271 1085; x_wconf 87' lang='lat' dir='ltr'>»tium</span> <span class='ocrx_word' id='word_1_92' title='bbox 295 1042 414 1085; x_wconf 81' lang='lat' dir='ltr'>novit</span> <span class='ocrx_word' id='word_1_93' title='bbox 436 1058 446 1084; x_wconf 80' lang='lat' dir='ltr'>t</span> <span class='ocrx_word' id='word_1_94' title='bbox 471 1041 504 1085; x_wconf 85' lang='lat' dir='ltr'>si</span> <span class='ocrx_word' id='word_1_95' title='bbox 522 1041 739 1104; x_wconf 81' lang='lat' dir='ltr'>quaesieris</span> <span class='ocrx_word' id='word_1_96' title='bbox 757 1058 873 1096; x_wconf 89' lang='lat' dir='ltr'>eum,</span> <span class='ocrx_word' id='word_1_97' title='bbox 900 1042 1144 1087; x_wconf 72' lang='lat' dir='ltr'>invenietur</span> <span class='ocrx_word' id='word_1_98' title='bbox 1171 1043 1275 1095; x_wconf 81' lang='lat' dir='ltr'>tibi3</span> <span class='ocrx_word' id='word_1_99' title='bbox 1304 1053 1345 1087; x_wconf 86' lang='lat' dir='ltr'>et</span> <span class='ocrx_word' id='word_1_100' title='bbox 1376 1042 1409 1087; x_wconf 89' lang='lat' dir='ltr'>si</span> <span class='ocrx_word' id='word_1_101' title='bbox 1426 1042 1499 1087; x_wconf 86' lang='lat' dir='ltr'>di-</span> 
     </span>
     <span class='ocr_line' id='line_1_12' title="bbox 128 1110 1500 1173; baseline 0.003 -20"><span class='ocrx_word' id='word_1_102' title='bbox 128 1110 324 1155; x_wconf 85' lang='lat' dir='ltr'>»miseris</span> <span class='ocrx_word' id='word_1_103' title='bbox 344 1127 442 1154; x_wconf 92' lang='lat' dir='ltr'>eum</span> <span class='ocrx_word' id='word_1_104' title='bbox 464 1147 475 1160; x_wconf 79' lang='grc'>,</span> <span class='ocrx_word' id='word_1_105' title='bbox 502 1110 679 1173; x_wconf 74' lang='lat' dir='ltr'>repellet</span> <span class='ocrx_word' id='word_1_106' title='bbox 693 1122 733 1155; x_wconf 86' lang='lat' dir='ltr'>te</span> <span class='ocrx_word' id='word_1_107' title='bbox 751 1111 792 1155; x_wconf 91' lang='lat' dir='ltr'>in</span> <span class='ocrx_word' id='word_1_108' title='bbox 820 1122 1081 1173; x_wconf 86' lang='lat' dir='ltr'>perpetuum</span> <span class='ocrx_word' id='word_1_109' title='bbox 1101 1111 1118 1140; x_wconf 82' lang='lat'><strong>1</strong></span> <span class='ocrx_word' id='word_1_110' title='bbox 1137 1130 1147 1156; x_wconf 73' lang='grc' dir='ltr'><strong>ε</strong></span> <span class='ocrx_word' id='word_1_111' title='bbox 1167 1134 1186 1153; x_wconf 79' lang='grc'>&gt;)</span> <span class='ocrx_word' id='word_1_112' title='bbox 1211 1112 1403 1157; x_wconf 77' lang='lat' dir='ltr'>declarat</span> <span class='ocrx_word' id='word_1_113' title='bbox 1426 1129 1500 1157; x_wconf 91' lang='lat' dir='ltr'>vo-</span> 
     </span>
     <span class='ocr_line' id='line_1_13' title="bbox 127 1180 1504 1242; baseline 0 -17"><span class='ocrx_word' id='word_1_114' title='bbox 127 1180 305 1225; x_wconf 85' lang='lat' dir='ltr'>luntatis</span> <span class='ocrx_word' id='word_1_115' title='bbox 330 1180 576 1226; x_wconf 85' lang='lat' dir='ltr'>arbitrium.</span> <span class='ocrx_word' id='word_1_116' title='bbox 602 1180 686 1225; x_wconf 82' lang='lat' dir='ltr'>Sed</span> <span class='ocrx_word' id='word_1_117' title='bbox 708 1180 771 1224; x_wconf 86' lang='lat' dir='ltr'>illi</span> <span class='ocrx_word' id='word_1_118' title='bbox 790 1180 834 1224; x_wconf 87' lang='lat' dir='ltr'>in</span> <span class='ocrx_word' id='word_1_119' title='bbox 859 1197 907 1224; x_wconf 87' lang='lat' dir='ltr'>eo</span> <span class='ocrx_word' id='word_1_120' title='bbox 938 1191 1111 1242; x_wconf 83' lang='lat' dir='ltr'>ponunt</span> <span class='ocrx_word' id='word_1_121' title='bbox 1131 1182 1333 1226; x_wconf 89' lang='lat' dir='ltr'>meritum</span> <span class='ocrx_word' id='word_1_122' title='bbox 1355 1181 1504 1226; x_wconf 86' lang='lat' dir='ltr'>homi-</span> 
     </span>
     <span class='ocr_line' id='line_1_14' title="bbox 128 1250 1503 1313; baseline -0.001 -17"><span class='ocrx_word' id='word_1_123' title='bbox 128 1251 211 1302; x_wconf 77' lang='lat' dir='ltr'>nis,</span> <span class='ocrx_word' id='word_1_124' title='bbox 233 1250 351 1313; x_wconf 90' lang='lat' dir='ltr'>quod</span> <span class='ocrx_word' id='word_1_125' title='bbox 371 1250 536 1295; x_wconf 81' lang='lat' dir='ltr'>dietum</span> <span class='ocrx_word' id='word_1_126' title='bbox 557 1260 619 1295; x_wconf 89' lang='lat' dir='ltr'>est</span> <span class='ocrx_word' id='word_1_127' title='bbox 635 1287 645 1305; x_wconf 85' lang='lat'><strong>‚</strong></span> <span class='ocrx_word' id='word_1_128' title='bbox 670 1270 688 1289; x_wconf 73' lang='grc' dir='ltr'>(ι</span> <span class='ocrx_word' id='word_1_129' title='bbox 706 1250 751 1294; x_wconf 88' lang='lat' dir='ltr'>Si</span> <span class='ocrx_word' id='word_1_130' title='bbox 776 1251 995 1312; x_wconf 83' lang='lat' dir='ltr'>quaesieris</span> <span class='ocrx_word' id='word_1_131' title='bbox 1012 1267 1109 1294; x_wconf 89' lang='lat' dir='ltr'>eum</span> <span class='ocrx_word' id='word_1_132' title='bbox 1129 1268 1140 1295; x_wconf 72' lang='grc' dir='ltr'>ε</span> <span class='ocrx_word' id='word_1_133' title='bbox 1166 1272 1185 1290; x_wconf 70' lang='lat' dir='ltr'>n</span> <span class='ocrx_word' id='word_1_134' title='bbox 1205 1262 1246 1295; x_wconf 89' lang='lat' dir='ltr'>et</span> <span class='ocrx_word' id='word_1_135' title='bbox 1265 1250 1503 1295; x_wconf 84' lang='lat' dir='ltr'>secundum</span> 
     </span>
     <span class='ocr_line' id='line_1_15' title="bbox 129 1320 1503 1382; baseline -0.001 -17"><span class='ocrx_word' id='word_1_136' title='bbox 129 1321 216 1365; x_wconf 86' lang='lat' dir='ltr'>hoc</span> <span class='ocrx_word' id='word_1_137' title='bbox 243 1321 447 1365; x_wconf 86' lang='lat' dir='ltr'>meritum</span> <span class='ocrx_word' id='word_1_138' title='bbox 475 1320 570 1365; x_wconf 84' lang='lat' dir='ltr'>dari</span> <span class='ocrx_word' id='word_1_139' title='bbox 589 1320 786 1379; x_wconf 80' lang='lat' dir='ltr'>gratiam,</span> <span class='ocrx_word' id='word_1_140' title='bbox 811 1321 855 1364; x_wconf 87' lang='lat' dir='ltr'>in</span> <span class='ocrx_word' id='word_1_141' title='bbox 882 1336 930 1364; x_wconf 92' lang='lat' dir='ltr'>eo</span> <span class='ocrx_word' id='word_1_142' title='bbox 947 1320 1064 1382; x_wconf 89' lang='lat' dir='ltr'>quod</span> <span class='ocrx_word' id='word_1_143' title='bbox 1089 1320 1256 1365; x_wconf 88' lang='lat' dir='ltr'>dictum</span> <span class='ocrx_word' id='word_1_144' title='bbox 1281 1330 1358 1371; x_wconf 87' lang='lat' dir='ltr'>est,</span> <span class='ocrx_word' id='word_1_145' title='bbox 1385 1342 1403 1361; x_wconf 86' lang='lat'>«</span> <span class='ocrx_word' id='word_1_146' title='bbox 1425 1321 1503 1364; x_wconf 89' lang='lat' dir='ltr'>ln-</span> 
     </span>
     <span class='ocr_line' id='line_1_16' title="bbox 130 1389 1502 1453; baseline -0.001 -18"><span class='ocrx_word' id='word_1_147' title='bbox 130 1390 326 1436; x_wconf 83' lang='lat' dir='ltr'>venietur</span> <span class='ocrx_word' id='word_1_148' title='bbox 352 1391 458 1435; x_wconf 88' lang='lat' dir='ltr'>tibi:</span> <span class='ocrx_word' id='word_1_149' title='bbox 484 1412 503 1430; x_wconf 73' lang='grc' dir='ltr'>ι)</span> <span class='ocrx_word' id='word_1_150' title='bbox 525 1401 566 1435; x_wconf 87' lang='lat' dir='ltr'>et</span> <span class='ocrx_word' id='word_1_151' title='bbox 588 1390 765 1434; x_wconf 82' lang='lat' dir='ltr'>omnino</span> <span class='ocrx_word' id='word_1_152' title='bbox 796 1389 1026 1445; x_wconf 73' lang='lat' dir='ltr'>laborant,</span> <span class='ocrx_word' id='word_1_153' title='bbox 1056 1400 1267 1452; x_wconf 87' lang='lat' dir='ltr'>quantum</span> <span class='ocrx_word' id='word_1_154' title='bbox 1293 1399 1473 1453; x_wconf 84' lang='lat' dir='ltr'>possunt</span> <span class='ocrx_word' id='word_1_155' title='bbox 1491 1425 1502 1444; x_wconf 83' lang='lat'>,</span> 
     </span>
     <span class='ocr_line' id='line_1_17' title="bbox 132 1459 1505 1520; baseline -0.001 -14"><span class='ocrx_word' id='word_1_156' title='bbox 132 1461 355 1506; x_wconf 81' lang='lat' dir='ltr'>ostendere</span> <span class='ocrx_word' id='word_1_157' title='bbox 376 1461 559 1520; x_wconf 82' lang='lat' dir='ltr'>gratiam</span> <span class='ocrx_word' id='word_1_158' title='bbox 579 1460 658 1505; x_wconf 89' lang='lat' dir='ltr'>Dei</span> <span class='ocrx_word' id='word_1_159' title='bbox 682 1459 919 1506; x_wconf 87' lang='lat' dir='ltr'>secundum</span> <span class='ocrx_word' id='word_1_160' title='bbox 948 1461 1095 1505; x_wconf 85' lang='lat' dir='ltr'>merita</span> <span class='ocrx_word' id='word_1_161' title='bbox 1122 1471 1265 1505; x_wconf 86' lang='lat' dir='ltr'>nostra</span> <span class='ocrx_word' id='word_1_162' title='bbox 1283 1460 1376 1505; x_wconf 90' lang='lat' dir='ltr'>dari</span> <span class='ocrx_word' id='word_1_163' title='bbox 1395 1460 1505 1513; x_wconf 83' lang='lat' dir='ltr'>;hoc</span> 
     </span>
     <span class='ocr_line' id='line_1_18' title="bbox 132 1528 1506 1589; baseline -0.001 -14"><span class='ocrx_word' id='word_1_164' title='bbox 132 1541 222 1585; x_wconf 79' lang='lat' dir='ltr'>est,</span> <span class='ocrx_word' id='word_1_165' title='bbox 249 1530 427 1589; x_wconf 76' lang='lat' dir='ltr'>gratiam</span> <span class='ocrx_word' id='word_1_166' title='bbox 459 1547 546 1574; x_wconf 88' lang='lat' dir='ltr'>non</span> <span class='ocrx_word' id='word_1_167' title='bbox 578 1546 664 1574; x_wconf 89' lang='lat' dir='ltr'>esse</span> <span class='ocrx_word' id='word_1_168' title='bbox 700 1529 896 1588; x_wconf 78' lang='lat' dir='ltr'>gratiam.</span> <span class='ocrx_word' id='word_1_169' title='bbox 936 1530 1108 1585; x_wconf 77' lang='lat' dir='ltr'>Quibus</span> <span class='ocrx_word' id='word_1_170' title='bbox 1133 1530 1244 1574; x_wconf 91' lang='lat' dir='ltr'>enim</span> <span class='ocrx_word' id='word_1_171' title='bbox 1269 1528 1506 1574; x_wconf 80' lang='lat' dir='ltr'>secundum</span> 
     </span>
     <span class='ocr_line' id='line_1_19' title="bbox 134 1599 1509 1662; baseline -0.003 -16"><span class='ocrx_word' id='word_1_172' title='bbox 134 1601 335 1646; x_wconf 88' lang='lat' dir='ltr'>meritum</span> <span class='ocrx_word' id='word_1_173' title='bbox 354 1600 570 1655; x_wconf 80' lang='lat' dir='ltr'>redditur,</span> <span class='ocrx_word' id='word_1_174' title='bbox 596 1617 683 1645; x_wconf 88' lang='lat' dir='ltr'>non</span> <span class='ocrx_word' id='word_1_175' title='bbox 706 1600 950 1662; x_wconf 82' lang='lat' dir='ltr'>imputatur</span> <span class='ocrx_word' id='word_1_176' title='bbox 967 1616 1128 1644; x_wconf 84' lang='lat' dir='ltr'>merces</span> <span class='ocrx_word' id='word_1_177' title='bbox 1146 1599 1382 1645; x_wconf 84' lang='lat' dir='ltr'>secundum</span> <span class='ocrx_word' id='word_1_178' title='bbox 1408 1616 1509 1658; x_wconf 85' lang='lat' dir='ltr'>gra-</span> 
     </span>
     <span class='ocr_line' id='line_1_20' title="bbox 136 1667 1511 1733; baseline -0.002 -17"><span class='ocrx_word' id='word_1_179' title='bbox 136 1673 255 1727; x_wconf 85' lang='lat' dir='ltr'>tiam,</span> <span class='ocrx_word' id='word_1_180' title='bbox 292 1670 365 1716; x_wconf 87' lang='lat' dir='ltr'>sed</span> <span class='ocrx_word' id='word_1_181' title='bbox 401 1670 640 1716; x_wconf 85' lang='lat' dir='ltr'>secundum</span> <span class='ocrx_word' id='word_1_182' title='bbox 678 1669 936 1725; x_wconf 57' lang='lat' dir='ltr'>debitum,</span> <span class='ocrx_word' id='word_1_183' title='bbox 969 1669 1081 1714; x_wconf 77' lang='lat' dir='ltr'>sicut</span> <span class='ocrx_word' id='word_1_184' title='bbox 1120 1669 1383 1733; x_wconf 83' lang='lat' dir='ltr'>apertissime</span> <span class='ocrx_word' id='word_1_185' title='bbox 1403 1667 1511 1713; x_wconf 86' lang='lat' dir='ltr'>dicit</span> 
     </span>
     <span class='ocr_line' id='line_1_21' title="bbox 137 1742 387 1806; baseline -0.008 -18"><span class='ocrx_word' id='word_1_186' title='bbox 137 1742 387 1806; x_wconf 85' lang='lat' dir='ltr'>Apostolus.</span> 
     </span>
    </p>

    <p class='ocr_par' dir='ltr' id='par_1_3' title="bbox 138 1807 1524 2581">
     <span class='ocr_line' id='line_1_22' title="bbox 201 1807 1510 1875; baseline -0.004 -18"><span class='ocrx_word' id='word_1_187' title='bbox 201 1814 303 1859; x_wconf 82' lang='grc' dir='ltr'>ΧΠ.</span> <span class='ocrx_word' id='word_1_188' title='bbox 336 1812 541 1857; x_wconf 84' lang='lat' dir='ltr'>Meritum</span> <span class='ocrx_word' id='word_1_189' title='bbox 572 1811 687 1856; x_wconf 90' lang='lat' dir='ltr'>enim</span> <span class='ocrx_word' id='word_1_190' title='bbox 720 1810 806 1856; x_wconf 87' lang='lat' dir='ltr'>fuit</span> <span class='ocrx_word' id='word_1_191' title='bbox 836 1810 1013 1875; x_wconf 90' lang='lat' dir='ltr'>quidem</span> <span class='ocrx_word' id='word_1_192' title='bbox 1044 1810 1088 1854; x_wconf 89' lang='lat' dir='ltr'>in</span> <span class='ocrx_word' id='word_1_193' title='bbox 1123 1809 1318 1872; x_wconf 86' lang='lat' dir='ltr'>apostolo</span> <span class='ocrx_word' id='word_1_194' title='bbox 1344 1807 1510 1864; x_wconf 81' lang='lat' dir='ltr'>Paulo,</span> 
     </span>
     <span class='ocr_line' id='line_1_23' title="bbox 138 1878 1511 1946; baseline -0.004 -17"><span class='ocrx_word' id='word_1_195' title='bbox 138 1883 210 1929; x_wconf 86' lang='lat' dir='ltr'>sed</span> <span class='ocrx_word' id='word_1_196' title='bbox 231 1883 413 1938; x_wconf 77' lang='lat' dir='ltr'>malum,</span> <span class='ocrx_word' id='word_1_197' title='bbox 429 1883 605 1946; x_wconf 84' lang='lat' dir='ltr'>quando</span> <span class='ocrx_word' id='word_1_198' title='bbox 623 1883 964 1946; x_wconf 87' lang='lat' dir='ltr'>persequebatur</span> <span class='ocrx_word' id='word_1_199' title='bbox 981 1880 1239 1926; x_wconf 84' lang='lat' dir='ltr'>Ecclesiam:</span> <span class='ocrx_word' id='word_1_200' title='bbox 1257 1879 1371 1925; x_wconf 87' lang='lat' dir='ltr'>unde</span> <span class='ocrx_word' id='word_1_201' title='bbox 1387 1878 1511 1935; x_wconf 84' lang='lat' dir='ltr'>dicit,</span> 
     </span>
     <span class='ocr_line' id='line_1_24' title="bbox 140 1951 1515 2015; baseline -0.005 -15"><span class='ocrx_word' id='word_1_202' title='bbox 140 1976 160 1997; x_wconf 90' lang='lat'>«</span> <span class='ocrx_word' id='word_1_203' title='bbox 184 1956 282 2000; x_wconf 88' lang='lat' dir='ltr'>Non</span> <span class='ocrx_word' id='word_1_204' title='bbox 318 1971 412 1999; x_wconf 90' lang='lat' dir='ltr'>sum</span> <span class='ocrx_word' id='word_1_205' title='bbox 443 1954 626 2000; x_wconf 85' lang='lat' dir='ltr'>idoneus</span> <span class='ocrx_word' id='word_1_206' title='bbox 651 1952 797 1998; x_wconf 83' lang='lat' dir='ltr'>vocari</span> <span class='ocrx_word' id='word_1_207' title='bbox 838 1952 1068 2015; x_wconf 84' lang='lat' dir='ltr'>Apostolus</span> <span class='ocrx_word' id='word_1_208' title='bbox 1089 1987 1100 2007; x_wconf 83' lang='lat'>‚</span> <span class='ocrx_word' id='word_1_209' title='bbox 1142 1951 1244 2014; x_wconf 90' lang='lat' dir='ltr'>quia</span> <span class='ocrx_word' id='word_1_210' title='bbox 1267 1959 1515 2013; x_wconf 87' lang='lat' dir='ltr'>persecutus</span> 
     </span>
     <span class='ocr_line' id='line_1_25' title="bbox 141 2020 1518 2082; baseline -0.005 -11"><span class='ocrx_word' id='word_1_211' title='bbox 141 2042 269 2071; x_wconf 82' lang='lat' dir='ltr'>»sum</span> <span class='ocrx_word' id='word_1_212' title='bbox 293 2025 529 2071; x_wconf 88' lang='lat' dir='ltr'>Ecclesiam</span> <span class='ocrx_word' id='word_1_213' title='bbox 561 2025 653 2070; x_wconf 91' lang='lat' dir='ltr'>Dei.</span> <span class='ocrx_word' id='word_1_214' title='bbox 676 2045 696 2065; x_wconf 69' lang='lat'>2&gt;</span> <span class='ocrx_word' id='word_1_215' title='bbox 734 2028 845 2069; x_wconf 89' lang='lat' dir='ltr'>Cum</span> <span class='ocrx_word' id='word_1_216' title='bbox 870 2040 968 2082; x_wconf 89' lang='lat' dir='ltr'>ergo</span> <span class='ocrx_word' id='word_1_217' title='bbox 984 2022 1165 2067; x_wconf 87' lang='lat' dir='ltr'>haberet</span> <span class='ocrx_word' id='word_1_218' title='bbox 1193 2021 1279 2066; x_wconf 90' lang='lat' dir='ltr'>hoc</span> <span class='ocrx_word' id='word_1_219' title='bbox 1316 2020 1518 2065; x_wconf 82' lang='lat' dir='ltr'>meritum</span> 
     </span>
     <span class='ocr_line' id='line_1_26' title="bbox 140 2091 1519 2156; baseline -0.005 -15"><span class='ocrx_word' id='word_1_220' title='bbox 140 2096 303 2142; x_wconf 91' lang='lat' dir='ltr'>malum</span> <span class='ocrx_word' id='word_1_221' title='bbox 325 2133 335 2150; x_wconf 80' lang='lat'>‚</span> <span class='ocrx_word' id='word_1_222' title='bbox 365 2096 583 2141; x_wconf 87' lang='lat' dir='ltr'>redditum</span> <span class='ocrx_word' id='word_1_223' title='bbox 611 2105 672 2140; x_wconf 84' lang='lat' dir='ltr'>est</span> <span class='ocrx_word' id='word_1_224' title='bbox 697 2095 734 2140; x_wconf 85' lang='lat' dir='ltr'>ei</span> <span class='ocrx_word' id='word_1_225' title='bbox 758 2095 923 2139; x_wconf 86' lang='lat' dir='ltr'>bonum</span> <span class='ocrx_word' id='word_1_226' title='bbox 951 2110 1032 2156; x_wconf 90' lang='lat' dir='ltr'>pro</span> <span class='ocrx_word' id='word_1_227' title='bbox 1058 2091 1169 2137; x_wconf 87' lang='lat' dir='ltr'>malo</span> <span class='ocrx_word' id='word_1_228' title='bbox 1198 2109 1208 2136; x_wconf 91' lang='lat'><strong>:</strong></span> <span class='ocrx_word' id='word_1_229' title='bbox 1244 2091 1427 2154; x_wconf 87' lang='lat' dir='ltr'>ideoque</span> <span class='ocrx_word' id='word_1_230' title='bbox 1451 2107 1519 2135; x_wconf 83' lang='lat' dir='ltr'>se-</span> 
     </span>
     <span class='ocr_line' id='line_1_27' title="bbox 145 2161 1517 2225; baseline -0.004 -15"><span class='ocrx_word' id='word_1_231' title='bbox 145 2177 269 2212; x_wconf 86' lang='lat' dir='ltr'>cutus</span> <span class='ocrx_word' id='word_1_232' title='bbox 295 2166 516 2225; x_wconf 71' lang='lat' dir='ltr'>adjunxit,</span> <span class='ocrx_word' id='word_1_233' title='bbox 537 2187 557 2206; x_wconf 87' lang='grc'>«</span> <span class='ocrx_word' id='word_1_234' title='bbox 580 2165 661 2210; x_wconf 87' lang='lat' dir='ltr'>Sed</span> <span class='ocrx_word' id='word_1_235' title='bbox 686 2165 823 2224; x_wconf 87' lang='lat' dir='ltr'>gratia</span> <span class='ocrx_word' id='word_1_236' title='bbox 841 2165 921 2210; x_wconf 91' lang='lat' dir='ltr'>Dei</span> <span class='ocrx_word' id='word_1_237' title='bbox 943 2181 1035 2209; x_wconf 90' lang='lat' dir='ltr'>sum</span> <span class='ocrx_word' id='word_1_238' title='bbox 1056 2162 1098 2207; x_wconf 88' lang='lat' dir='ltr'>id</span> <span class='ocrx_word' id='word_1_239' title='bbox 1117 2161 1235 2225; x_wconf 89' lang='lat' dir='ltr'>quod</span> <span class='ocrx_word' id='word_1_240' title='bbox 1261 2178 1370 2207; x_wconf 88' lang='lat' dir='ltr'>sum.</span> <span class='ocrx_word' id='word_1_241' title='bbox 1391 2182 1410 2201; x_wconf 90' lang='lat'>»</span> <span class='ocrx_word' id='word_1_242' title='bbox 1438 2163 1517 2206; x_wconf 87' lang='lat' dir='ltr'>At-</span> 
     </span>
     <span class='ocr_line' id='line_1_28' title="bbox 145 2230 1516 2300; baseline -0.004 -19"><span class='ocrx_word' id='word_1_243' title='bbox 145 2254 228 2300; x_wconf 89' lang='lat' dir='ltr'>que</span> <span class='ocrx_word' id='word_1_244' title='bbox 249 2247 298 2281; x_wconf 88' lang='lat' dir='ltr'>ut</span> <span class='ocrx_word' id='word_1_245' title='bbox 336 2237 578 2282; x_wconf 79' lang='lat' dir='ltr'>ostenderet</span> <span class='ocrx_word' id='word_1_246' title='bbox 600 2246 642 2281; x_wconf 87' lang='lat' dir='ltr'>et</span> <span class='ocrx_word' id='word_1_247' title='bbox 677 2236 865 2280; x_wconf 87' lang='lat' dir='ltr'>liberum</span> <span class='ocrx_word' id='word_1_248' title='bbox 894 2234 1123 2279; x_wconf 84' lang='lat' dir='ltr'>arbitrium</span> <span class='ocrx_word' id='word_1_249' title='bbox 1149 2269 1159 2288; x_wconf 82' lang='grc'>,</span> <span class='ocrx_word' id='word_1_250' title='bbox 1189 2248 1287 2277; x_wconf 83' lang='lat' dir='ltr'>mox</span> <span class='ocrx_word' id='word_1_251' title='bbox 1319 2230 1516 2286; x_wconf 80' lang='lat' dir='ltr'>addidit,</span> 
     </span>
     <span class='ocr_line' id='line_1_29' title="bbox 146 2301 1521 2367; baseline -0.004 -17"><span class='ocrx_word' id='word_1_252' title='bbox 146 2327 165 2347; x_wconf 78' lang='lat' dir='ltr'>c&lt;</span> <span class='ocrx_word' id='word_1_253' title='bbox 191 2307 244 2350; x_wconf 87' lang='lat' dir='ltr'>Et</span> <span class='ocrx_word' id='word_1_254' title='bbox 268 2307 404 2366; x_wconf 88' lang='lat' dir='ltr'>gratia</span> <span class='ocrx_word' id='word_1_255' title='bbox 429 2311 518 2367; x_wconf 85' lang='lat' dir='ltr'>ejus</span> <span class='ocrx_word' id='word_1_256' title='bbox 544 2306 589 2351; x_wconf 88' lang='lat' dir='ltr'>in</span> <span class='ocrx_word' id='word_1_257' title='bbox 617 2322 683 2350; x_wconf 88' lang='lat' dir='ltr'>me</span> <span class='ocrx_word' id='word_1_258' title='bbox 702 2322 839 2350; x_wconf 74' lang='lat' dir='ltr'>vacua</span> <span class='ocrx_word' id='word_1_259' title='bbox 865 2321 952 2349; x_wconf 91' lang='lat' dir='ltr'>non</span> <span class='ocrx_word' id='word_1_260' title='bbox 980 2303 1086 2358; x_wconf 85' lang='lat' dir='ltr'>fuit,</span> <span class='ocrx_word' id='word_1_261' title='bbox 1109 2302 1181 2347; x_wconf 87' lang='lat' dir='ltr'>sed</span> <span class='ocrx_word' id='word_1_262' title='bbox 1203 2301 1301 2364; x_wconf 83' lang='lat' dir='ltr'>plus</span> <span class='ocrx_word' id='word_1_263' title='bbox 1319 2301 1521 2346; x_wconf 86' lang='lat' dir='ltr'>omnibus</span> 
     </span>
     <span class='ocr_line' id='line_1_30' title="bbox 146 2369 1520 2423; baseline -0.006 -1"><span class='ocrx_word' id='word_1_264' title='bbox 146 2377 259 2422; x_wconf 79' lang='lat' dir='ltr'>»illis</span> <span class='ocrx_word' id='word_1_265' title='bbox 283 2377 498 2423; x_wconf 83' lang='lat' dir='ltr'>laboravit</span> <span class='ocrx_word' id='word_1_266' title='bbox 512 2377 544 2423; x_wconf 73' lang='lat'>3.</span> <span class='ocrx_word' id='word_1_267' title='bbox 572 2397 592 2417; x_wconf 81' lang='lat'>›&gt;</span> <span class='ocrx_word' id='word_1_268' title='bbox 616 2377 712 2421; x_wconf 87' lang='lat' dir='ltr'>Hoc</span> <span class='ocrx_word' id='word_1_269' title='bbox 730 2376 845 2420; x_wconf 90' lang='lat' dir='ltr'>enim</span> <span class='ocrx_word' id='word_1_270' title='bbox 870 2375 1056 2419; x_wconf 88' lang='lat' dir='ltr'>liberum</span> <span class='ocrx_word' id='word_1_271' title='bbox 1078 2373 1307 2417; x_wconf 79' lang='lat' dir='ltr'>arbitrium</span> <span class='ocrx_word' id='word_1_272' title='bbox 1334 2369 1520 2416; x_wconf 85' lang='lat' dir='ltr'>hominis</span> 
     </span>
     <span class='ocr_line' id='line_1_31' title="bbox 148 2441 1524 2508; baseline -0.007 -15"><span class='ocrx_word' id='word_1_273' title='bbox 148 2448 402 2493; x_wconf 84' lang='lat' dir='ltr'>exhortatur</span> <span class='ocrx_word' id='word_1_274' title='bbox 425 2459 467 2493; x_wconf 87' lang='lat' dir='ltr'>et</span> <span class='ocrx_word' id='word_1_275' title='bbox 493 2448 536 2493; x_wconf 86' lang='lat' dir='ltr'>in</span> <span class='ocrx_word' id='word_1_276' title='bbox 559 2446 676 2502; x_wconf 82' lang='lat' dir='ltr'>aliis,</span> <span class='ocrx_word' id='word_1_277' title='bbox 699 2446 860 2508; x_wconf 86' lang='lat' dir='ltr'>quibus</span> <span class='ocrx_word' id='word_1_278' title='bbox 881 2444 1013 2499; x_wconf 84' lang='lat' dir='ltr'>dicit,</span> <span class='ocrx_word' id='word_1_279' title='bbox 1033 2444 1285 2501; x_wconf 82' lang='lat' dir='ltr'>«Rogamus</span> <span class='ocrx_word' id='word_1_280' title='bbox 1302 2458 1355 2486; x_wconf 90' lang='lat' dir='ltr'>ne</span> <span class='ocrx_word' id='word_1_281' title='bbox 1378 2441 1422 2486; x_wconf 91' lang='lat' dir='ltr'>in</span> <span class='ocrx_word' id='word_1_282' title='bbox 1451 2457 1524 2484; x_wconf 87' lang='lat' dir='ltr'>va·</span> 
     </span>
     <span class='ocr_line' id='line_1_32' title="bbox 152 2513 1521 2581; baseline -0.005 -20"><span class='ocrx_word' id='word_1_283' title='bbox 152 2539 173 2561; x_wconf 83' lang='lat'>›&gt;</span> <span class='ocrx_word' id='word_1_284' title='bbox 185 2535 316 2564; x_wconf 84' lang='lat' dir='ltr'>cuum</span> <span class='ocrx_word' id='word_1_285' title='bbox 333 2519 512 2578; x_wconf 88' lang='lat' dir='ltr'>gratiam</span> <span class='ocrx_word' id='word_1_286' title='bbox 530 2519 609 2563; x_wconf 91' lang='lat' dir='ltr'>Dei</span> <span class='ocrx_word' id='word_1_287' title='bbox 625 2517 870 2581; x_wconf 88' lang='lat' dir='ltr'>suscipiatis</span> <span class='ocrx_word' id='word_1_288' title='bbox 882 2515 914 2562; x_wconf 58' lang='grc' dir='ltr'>Δ.</span> <span class='ocrx_word' id='word_1_289' title='bbox 926 2537 945 2557; x_wconf 83' lang='grc'>»</span> <span class='ocrx_word' id='word_1_290' title='bbox 964 2515 1022 2560; x_wconf 90' lang='lat' dir='ltr'>Ut</span> <span class='ocrx_word' id='word_1_291' title='bbox 1041 2513 1147 2578; x_wconf 88' lang='lat' dir='ltr'>quid</span> <span class='ocrx_word' id='word_1_292' title='bbox 1162 2513 1276 2558; x_wconf 88' lang='lat' dir='ltr'>enim</span> <span class='ocrx_word' id='word_1_293' title='bbox 1295 2528 1364 2557; x_wconf 89' lang='lat' dir='ltr'>eos</span> <span class='ocrx_word' id='word_1_294' title='bbox 1381 2519 1521 2570; x_wconf 87' lang='lat' dir='ltr'>rogat,</span> 
     </span>
    </p>
   </div>
   <div class='ocr_carea' id='block_1_3' title="bbox 153 2606 1523 2716">
    <p class='ocr_par' dir='ltr' id='par_1_4' title="bbox 153 2606 1523 2716">
     <span class='ocr_line' id='line_1_33' title="bbox 204 2606 1523 2662; baseline -0.008 -13"><span class='ocrx_word' id='word_1_295' title='bbox 204 2616 215 2639; x_wconf 84' lang='lat'><strong>¹</strong></span> <span class='ocrx_word' id='word_1_296' title='bbox 239 2627 250 2647; x_wconf 85' lang='lat'>¹</span> <span class='ocrx_word' id='word_1_297' title='bbox 268 2617 372 2650; x_wconf 77' lang='lat' dir='ltr'>paral.</span> <span class='ocrx_word' id='word_1_298' title='bbox 388 2627 505 2655; x_wconf 79' lang='lat' dir='ltr'>xxvm,</span> <span class='ocrx_word' id='word_1_299' title='bbox 522 2629 556 2662; x_wconf 83' lang='lat'>9.</span> <span class='ocrx_word' id='word_1_300' title='bbox 578 2635 618 2641; x_wconf 97' lang='lat'><strong>—</strong></span> <span class='ocrx_word' id='word_1_301' title='bbox 635 2615 651 2638; x_wconf 83' lang='lat'><em>2</em></span> <span class='ocrx_word' id='word_1_302' title='bbox 667 2619 761 2648; x_wconf 85' lang='lat' dir='ltr'>Rom.</span> <span class='ocrx_word' id='word_1_303' title='bbox 779 2627 822 2655; x_wconf 79' lang='lat' dir='ltr'>iv,</span> <span class='ocrx_word' id='word_1_304' title='bbox 843 2622 875 2653; x_wconf 75' lang='grc'>4,</span> <span class='ocrx_word' id='word_1_305' title='bbox 892 2632 937 2638; x_wconf 94' lang='grc'><strong>-</strong></span> <span class='ocrx_word' id='word_1_306' title='bbox 952 2613 966 2637; x_wconf 81' lang='grc'><strong>3</strong></span> <span class='ocrx_word' id='word_1_307' title='bbox 990 2627 1002 2645; x_wconf 84' lang='grc' dir='ltr'><strong>ι</strong></span> <span class='ocrx_word' id='word_1_308' title='bbox 1026 2614 1104 2645; x_wconf 83' lang='lat' dir='ltr'>Cor.</span> <span class='ocrx_word' id='word_1_309' title='bbox 1125 2623 1181 2654; x_wconf 84' lang='lat' dir='ltr'>xv,</span> <span class='ocrx_word' id='word_1_310' title='bbox 1202 2623 1233 2654; x_wconf 81' lang='lat'>9,</span> <span class='ocrx_word' id='word_1_311' title='bbox 1256 2621 1306 2642; x_wconf 79' lang='lat' dir='ltr'>xo.</span> <span class='ocrx_word' id='word_1_312' title='bbox 1322 2627 1363 2633; x_wconf 88' lang='lat'>—</span> <span class='ocrx_word' id='word_1_313' title='bbox 1381 2606 1397 2631; x_wconf 74' lang='lat'>⁴</span> <span class='ocrx_word' id='word_1_314' title='bbox 1411 2620 1429 2639; x_wconf 86' lang='lat'>2</span> <span class='ocrx_word' id='word_1_315' title='bbox 1445 2609 1523 2641; x_wconf 84' lang='lat' dir='ltr'>Cor.</span> 
     </span>
     <span class='ocr_line' id='line_1_34' title="bbox 153 2684 251 2716; baseline 0.02 -13"><span class='ocrx_word' id='word_1_316' title='bbox 153 2684 201 2716; x_wconf 80' lang='lat' dir='ltr'>vx,</span> <span class='ocrx_word' id='word_1_317' title='bbox 224 2684 251 2705; x_wconf 86' lang='lat'>1.</span> 
     </span>
    </p>
   </div>
  </div>
 </body>
</html>
