1843 3190
313 257 406 315 348
734 273 769 302 s.
813 268 1058 304 Aneusmu
1093 267 1298 304 Erlscom

313 356 400 385 non
415 338 814 394 confundebantur,
834 337 908 401 qui
923 348 1024 401 post
1047 349 1281 402 peccatum
1292 337 1502 385 continuo
1515 356 1603 386 non
1619 357 1691 386 oc-

313 410 447 465 culta,
467 410 538 456 sed
554 410 681 473 plane
701 411 743 455 in
759 419 967 472 promptu
979 409 1119 471 posita
1142 409 1337 455 membra
1349 419 1556 456 texerunt.
1582 410 1691 466 Qui-

313 480 395 525 bus
410 491 574 543 quanto
594 479 730 540 magis
766 496 854 524 non
880 478 1062 523 horrore
1095 478 1398 524 offendebatur
1414 515 1424 534 ,
1450 479 1522 524 sed
1543 479 1691 525 delec-

312 550 473 594 tatione
486 549 758 596 alliciebatur
770 559 984 612 aspectus,
1002 559 1044 594 et
1060 549 1265 594 movebat
1284 559 1530 612 susceptam
1544 559 1662 595 tuam
1676 569 1689 604 ;

314 629 434 664 tanto
458 620 592 679 magis
616 638 662 665 ea
683 631 822 679 tegere
847 618 900 664 ad
917 618 1098 681 pudoris
1116 618 1308 664 officium
1325 619 1589 682 pertinebat.

379 690 581 736 XXXIV.
611 689 743 746 Quod
768 700 910 735 autem
941 710 962 730 c<
999 690 1063 734 De
1084 688 1404 734 claudicatione
1429 699 1471 734 et
1500 706 1692 752 perven-

314 759 430 804 tione
449 759 535 804 dixi
558 759 595 811 1,
619 780 639 800 υ
667 760 701 804 si
726 759 877 804 fraude
901 775 989 804 non
1019 759 1133 817 agis,
1167 775 1254 803 non
1291 758 1549 805 intellexisti.
1593 760 1693 804 Non

313 830 427 875 enim
452 852 473 871 «
496 831 825 876 Perventionem
853 829 994 893 accipi
1009 829 1131 875 volui
1147 828 1371 874 hominem
1397 829 1476 893 qui
1501 830 1693 875 nascitur

313 900 366 946 de
383 901 624 947 concubitu
639 900 877 960 conjugali,
896 922 916 942 »
945 899 1065 963 quod
1089 916 1157 944 me
1175 899 1350 944 sensisse
1382 899 1604 945 arbitraris
1619 909 1694 945 aut
1724 890 1738 901 ⁹

314 972 467 1031 fingis:
490 971 563 1017 sed
577 971 901 1035 perventionem
926 970 1012 1015 dixi
1036 967 1158 1032 quod
1177 968 1346 1014 bonum
1369 969 1592 1015 habentin
1606 970 1693 1015 fine

313 1042 444 1088 officii
466 1043 531 1088 sui
552 1042 738 1106 nuptiae,
760 1041 925 1087 etiamsi
943 1040 1091 1086 nullus
1106 1039 1209 1085 inde
1227 1049 1447 1086 nascatur.
1474 1039 1694 1085 Seminare

313 1114 480 1177 quippe
513 1113 569 1159 ad
592 1114 735 1159 virum
757 1113 970 1176 pertinet,
998 1111 1193 1174 excipere
1236 1110 1291 1156 ad
1313 1109 1556 1157 foeminam.
1591 1110 1693 1156 Huc

316 1199 452 1246 usque
475 1187 678 1243 conjuges
701 1199 830 1246 opere
847 1199 923 1228 suo
945 1191 1138 1245 possunt.
1167 1179 1236 1225 Ad
1253 1181 1341 1225 hoc
1366 1180 1453 1226 dixi
1483 1197 1584 1226 sane
1605 1180 1694 1225 sine

317 1253 636 1299 claudicatione
650 1271 738 1299 non
760 1270 901 1317 posse,
926 1253 1012 1298 hoc
1031 1261 1110 1307 est,
1129 1250 1218 1296 sine
1235 1249 1437 1306 libidine,
1458 1250 1688 1314 perveniri.

316 1323 375 1368 Ut
406 1334 550 1370 autem
590 1324 866 1387 concipiatur
890 1323 1023 1369 foetus
1056 1332 1186 1384 atque
1220 1331 1442 1377 nascatur,
1471 1320 1609 1366 divini
1633 1331 1696 1366 est

315 1394 473 1456 operis,
490 1411 578 1440 non
599 1395 781 1439 humani
805 1412 816 1439 ε
842 1410 930 1458 qua
956 1404 1096 1438 tamen
1117 1391 1358 1438 intentione
1384 1408 1432 1437 ac
1450 1390 1691 1448 voluntate,

312 1464 441 1509 etiam
454 1463 562 1510 illud
577 1464 743 1510 bonum
755 1464 875 1528 quod
891 1463 945 1509 ad
958 1479 1106 1509 earum
1122 1478 1233 1525 opus
1251 1462 1457 1524 pertinet,
1480 1472 1696 1524 peragunt

317 1534 500 1597 nuptiae.
537 1535 620 1580 Sed
638 1534 740 1598 quia
760 1536 852 1598 ipse
869 1534 1002 1580 foetus
1025 1532 1294 1579 damnationi
1320 1532 1531 1584 nascitur,
1552 1532 1585 1577 si
1607 1549 1695 1578 non

314 1615 596 1660 renascatur3
622 1622 672 1651 eo
697 1621 832 1669 usque
855 1604 1139 1668 pertendunt,
1168 1620 1257 1649 non
1294 1602 1435 1665 operis
1470 1602 1535 1648 sui
1576 1602 1696 1649 velut

315 1676 640 1733 ambulationis,
665 1676 736 1722 sed
778 1675 1014 1722 voluntatis
1036 1675 1121 1720 fine
1141 1672 1378 1719 christiana
1407 1672 1627 1732 conjugia,
1648 1683 1697 1718 ut

314 1745 625 1804 regenerandos
645 1756 871 1806 generent:
891 1755 1075 1808 propter
1089 1742 1209 1807 quod
1228 1742 1274 1788 in
1292 1742 1351 1788 eis
1368 1759 1488 1797 vera,
1506 1742 1594 1788 hoc
1612 1752 1692 1798 est,

313 1817 405 1861 Deo
429 1816 602 1879 placens
620 1827 682 1862 est
692 1815 922 1880 pudicitia.
948 1837 968 1856 «
991 1815 1092 1860 Sine
1106 1813 1193 1860 fide
1210 1812 1326 1859 enim
1352 1812 1619 1876 impossibile
1635 1822 1697 1858 est

316 1907 337 1928 ³>
363 1887 452 1931 Deo
478 1886 650 1949 placere
665 1888 699 1934 ².
724 1908 745 1929 »

378 1957 556 2004 XXXV.
579 1957 708 2003 Venis
732 1956 898 2003 Deinde
916 1956 971 2002 ad
993 1955 1122 2011 illud,
1143 1954 1222 2000 ubi
1240 1956 1407 2014 egimus
1423 1971 1471 1999 ex
1497 1954 1698 2017 Apostoli

316 2028 559 2074 testimonio
590 2045 600 2072 ε
629 2028 730 2073 «Ut
764 2028 870 2073 sciat
908 2025 1204 2089 unusquisque
1243 2041 1372 2070 suum
1406 2041 1503 2079 vaS,
1537 2024 1583 2069 id
1606 2035 1692 2080 est,

318 2121 339 2140 »
361 2115 481 2145 suam
502 2101 729 2158 conjugem
744 2096 980 2162 possidere,
1006 2096 1154 2141 nonin
1176 2095 1331 2140 morbo
1346 2092 1564 2150 desiderii,
1586 2094 1696 2140 sicut

318 2190 339 2211 n
363 2179 506 2228 gentes
544 2185 644 2232 quae
665 2169 864 2228 ignorant
885 2168 1025 2212 Deum
1053 2166 1071 2194 ³
1097 2183 1107 2210 :
1135 2186 1155 2207 >³
1179 2164 1299 2229 quod
1329 2180 1544 2228 exponens
1568 2163 1653 2209 dixi
1681 2182 1692 2210 z

320 2259 340 2278 «
362 2242 461 2284 Non
488 2238 778 2299 conjugalem,
804 2238 892 2283 hoc
916 2247 979 2282 est
994 2236 1167 2282 licitum
1186 2236 1506 2298 honestumque
1526 2251 1695 2280 concu-

315 2308 459 2353 bitum
483 2308 612 2354 fuisse
628 2308 906 2371 prohibitum
930 2306 967 2363 4,
1000 2306 1072 2352 sed
1098 2316 1147 2351 ut
1169 2305 1311 2368 operis
1335 2305 1469 2364 hujus
1495 2321 1621 2349 causa
1640 2305 1696 2350 sit

314 2377 519 2423 voluntas
542 2378 813 2441 propaginis,
841 2394 934 2423 non
963 2376 1103 2422 carnis
1142 2375 1367 2438 voluptas;
1399 2384 1440 2419 et
1459 2373 1580 2437 quod
1604 2374 1696 2420 sine

307 2447 490 2494 libidine
509 2447 602 2493 fieri
626 2465 712 2493 non
736 2457 902 2511 potest,
927 2446 988 2492 sic
1006 2457 1152 2492 tamen
1177 2445 1278 2501 fiat,
1306 2453 1355 2490 ut
1381 2461 1471 2490 non
1506 2455 1694 2509 propter

365 2547 376 2569 ¹
395 2550 462 2582 Lib.
482 2561 510 2583 1.
527 2550 567 2581 de
580 2551 682 2592 Napi.
703 2555 733 2581 et
754 2550 852 2580 Cone.
871 2559 943 2591 cap.
967 2560 995 2587 7.
1012 2566 1051 2571 —
1069 2545 1086 2568 ²
1101 2546 1203 2579 Hebr.
1222 2557 1267 2586 xx,
1282 2547 1314 2579 6.
1332 2563 1376 2570 —
1394 2543 1409 2568 3
1430 2557 1442 2577 1
1463 2545 1576 2580 Thess.
1597 2552 1693 2590 1v‚4.

316 2622 359 2631 -
374 2603 389 2628 ⁴
408 2604 477 2637 Lib.
499 2616 527 2639 1.
550 2605 589 2637 de
605 2604 733 2649 Nuptiis
749 2609 780 2636 et
792 2606 889 2639 Couc.
914 2614 986 2647 cap.
1011 2605 1029 2634 8
1049 2609 1079 2635 et
1104 2609 1154 2639 14.
