1843 3190
293 299 468 332 CONTRA
499 299 726 332 JUHANUM
760 298 1064 341 PELAGIANUM,
1101 301 1189 333 ΗΒ.
1230 303 1291 335 lv.
1366 305 1453 354 271

82 366 286 413 mixtione
309 377 549 413 nascuntur
575 384 586 411 t
613 387 632 409 >³
652 365 768 411 aliud
788 404 798 422 ‚
828 388 847 408 α
868 366 982 424 Quia
1007 366 1060 412 de
1079 383 1314 431 corporum
1341 388 1459 417 com-

82 438 287 483 mixtione
318 448 568 484 nascuntur.
604 458 624 478 >³
661 438 758 482 ὕοι]
793 448 935 483 autem
967 437 1031 482 ibi
1068 454 1194 483 causa
1234 439 1336 485 mali
1362 452 1452 497 est,

83 507 186 570 quia
217 507 270 553 de
299 524 533 570 corporum
560 506 866 552 commixtione
888 517 1125 552 nascuntur
1148 524 1158 551 t
1184 525 1322 572 neque
1342 511 1456 555 enim

81 577 212 623 etiam
234 579 267 623 si
288 588 442 633 natura
464 578 658 622 humana
674 577 914 640 primorum
934 577 1163 622 hominum
1181 591 1364 640 peccato
1387 581 1458 626 vi—

81 648 186 693 tiata
210 666 298 694 non
323 659 456 704 esset,
493 659 666 711 possent
692 647 769 692 filii
794 648 874 693 nisi
903 647 955 692 de
987 664 1220 710 corporum
1245 651 1457 696 commix—

82 719 197 764 tione
216 718 422 779 generari.
456 717 539 763 Sed
556 718 652 763 ideo
668 717 749 762 sub
768 717 944 763 diabolo
969 728 1068 762 sunt
1086 754 1096 773 ‚
1122 718 1196 780 qui
1223 718 1276 764 de
1294 736 1456 783 corpo-

79 805 180 835 rum
220 789 524 834 commixtione
564 798 803 833 nascuntur
821 825 831 843 ,
874 798 1103 850 antequam
1141 805 1220 851 per
1252 790 1454 852 spiritum

80 869 386 916 renascantur3
406 859 507 927 quia
533 876 611 921 per
631 858 749 903 illam
774 868 1011 904 nascuntur
1027 859 1424 922 concupiscentiam
1440 897 1453 918 ,

81 946 168 992 qua
190 947 290 975 caro
315 929 590 992 concupiscit
616 928 821 974 adversus
846 929 1070 992 spiritum,
1098 938 1139 973 et
1165 929 1391 976 adversum
1413 947 1455 976 se

81 999 197 1059 cogit
228 1000 539 1063 concupiscere
560 998 802 1061 spiritum1,
834 1000 947 1055 Quae
976 1015 1124 1062 pugna
1157 999 1263 1045 boni
1292 1012 1333 1046 et
1355 1001 1459 1046 mali

78 1069 200 1117 nulla
219 1081 353 1126 esset,
381 1070 415 1115 si
437 1087 563 1115 nemo
580 1081 813 1132 peccasset.
844 1071 966 1115 Sicut
990 1080 1132 1115 autem
1155 1081 1252 1116 ante
1270 1072 1458 1118 hominis

79 1140 354 1205 iniquitatem
373 1140 494 1186 nulla
521 1150 637 1194 erat,
664 1140 725 1185 ita
743 1151 842 1204 post
860 1140 1154 1186 infirmitatem
1180 1141 1300 1187 nulla
1322 1143 1416 1189 erit.

145 1211 325 1258 XXXV,
368 1210 454 1256 Sed
481 1210 562 1256 alia
585 1227 732 1256 rursus
760 1228 854 1257 mea
883 1211 1016 1257 verba
1044 1212 1285 1274 proponis5
1309 1223 1351 1258 et
1377 1231 1456 1259 co-

78 1280 318 1344 piosissime
337 1280 534 1345 disputas
557 1299 567 1326 z
589 1303 610 1323 α
627 1281 846 1338 Quoniam
866 1298 913 1327 ex
929 1281 1174 1344 imparibus
1193 1281 1319 1328 bonis
1340 1301 1458 1329 com-

78 1351 211 1414 positi
222 1368 394 1407 sumu8,
418 1353 611 1397 animum
627 1352 803 1415 corpori
826 1351 984 1397 debere
1004 1351 1218 1397 dominari
1238 1369 1248 1396 ε
1271 1369 1457 1415 quorum

80 1421 265 1468 alterum
283 1422 410 1467 nobis
429 1439 530 1467 cum
550 1422 632 1467 diis
648 1460 658 1479 ,
688 1422 869 1468 alterum
891 1439 991 1468 cum
1011 1421 1167 1467 belluis
1190 1439 1457 1469 commemo-

79 1509 146 1538 ras
176 1510 263 1539 esse
288 1494 562 1540 commune2.
592 1494 647 1538 Et
679 1492 774 1539 ideo
797 1493 842 1539 id
867 1493 987 1557 quod
1007 1503 1069 1538 est
1093 1492 1269 1550 melius,
1295 1494 1339 1539 id
1361 1505 1421 1540 est
1441 1532 1451 1551 ‚

80 1562 274 1608 animum
291 1562 451 1609 virtute
465 1563 704 1626 praeditum
720 1563 829 1609 dicis
845 1574 886 1609 et
904 1562 1110 1608 membris
1131 1564 1326 1626 corporis
1347 1565 1456 1610 bene

79 1644 120 1679 et
143 1633 460 1696 cupiditatibus
480 1634 707 1697 imperare.
734 1655 754 1676 ›>
783 1635 873 1680 Nec
893 1634 1138 1680 consideras
1156 1671 1168 1690 ,
1193 1634 1313 1697 quod
1335 1636 1456 1698 cupi-

80 1703 291 1749 ditatibus
308 1721 396 1749 non
411 1704 471 1749 sic
488 1704 730 1767 imperatur
749 1715 798 1749 ut
808 1705 1027 1749 membris.
1052 1704 1325 1768 Cupiditates
1342 1707 1457 1751 enim

79 1773 208 1820 malae
238 1785 369 1829 sunt‚'
398 1792 506 1838 quas
531 1775 694 1820 ratione
726 1774 970 1832 frenamus,
1003 1785 1152 1820 contra
1178 1793 1285 1838 quas
1316 1787 1458 1822 mente

80 1861 327 1907 pugnamus
362 1862 373 1889 ε
410 1846 608 1890 membra
639 1862 742 1891 vero
776 1846 894 1890 bona
926 1855 1053 1901 sunt,
1085 1862 1186 1907 quae
1220 1845 1456 1892 voluntatis

80 1931 302 1960 movemus
327 1915 508 1960 arbitrio
524 1952 535 1972 ‚
557 1915 744 1978 exceptis
768 1915 1029 1974 genitalibus
1048 1951 1059 1969 ‚
1083 1915 1281 1976 quamvis
1298 1926 1339 1961 et
1362 1917 1455 1979 ipsa

81 2001 128 2030 ex
160 1985 242 2030 Dei
273 2002 402 2048 opere
437 1986 552 2031 bona
592 1986 690 2032 sint.
721 1986 835 2042 Quae
858 1986 956 2030 ideo
995 1984 1200 2048 pudenda
1225 1985 1450 2043 dicuntur,

80 2055 182 2119 quia
204 2055 304 2118 plus
323 2056 368 2100 in
388 2056 445 2101 eis
469 2056 694 2102 movendis
718 2057 941 2119 potestatis
964 2056 1102 2101 habet
1127 2056 1291 2113 libido,
1323 2075 1456 2121 quam

79 2126 219 2171 ratio:
243 2142 341 2188 quae
374 2136 516 2171 tamen
539 2144 627 2171 non
651 2127 830 2171 sinimus
864 2137 1116 2189 perpetrare
1136 2143 1223 2188 quo
1245 2140 1457 2189 provocat

81 2196 174 2260 ipsa
193 2197 451 2252 commotio,
475 2214 575 2242 cum
601 2197 797 2242 membra
815 2208 971 2242 caetera
989 2195 1107 2240 facili
1130 2206 1347 2242 teneamus
1366 2199 1454 2243 im-

80 2269 218 2329 perio.
250 2266 440 2322 Quando
466 2278 608 2312 autem
632 2266 741 2311 male
765 2267 903 2311 utitur
925 2266 1059 2311 homo
1080 2266 1285 2311 membris
1308 2267 1452 2326 bonis,

82 2337 162 2381 nisi
175 2337 351 2396 quando
369 2338 582 2383 consentit
602 2338 660 2382 eis
675 2354 776 2400 quae
799 2337 843 2382 in
859 2338 985 2382 nobis
1004 2337 1207 2381 habitant
1230 2339 1456 2401 cupidita-

81 2407 200 2452 tibus
219 2407 368 2453 malis?
388 2409 438 2453 In
461 2409 622 2471 quibus
646 2407 786 2453 libido
805 2425 899 2471 pra]
922 2407 1087 2453 caeteris
1105 2408 1244 2470 turpis
1272 2419 1333 2453 cst
1349 2447 1358 2464 ‚
1385 2413 1456 2456 cui

82 2477 163 2522 nisi
184 2477 406 2523 resistatur
424 2516 433 2534 ,
459 2479 677 2524 horrenda
698 2478 925 2524 immunda
943 2478 1188 2524 committit.
1223 2479 1322 2533 Quo
1344 2481 1456 2526 malo

83 2547 191 2592 bene
213 2564 301 2592 non
325 2549 477 2604 utitur,
507 2549 588 2594 nisi
612 2549 701 2594 sola
723 2548 937 2612 pudicitia
963 2548 1215 2608 conjugalis.
1246 2549 1354 2594 Haec
1379 2567 1457 2596 au-

133 2631 142 2651 ¹
161 2629 266 2661 Galat.
287 2641 318 2670 v,
339 2643 348 2660 i
361 2642 390 2669 7.
404 2648 448 2654 -—-
467 2627 481 2652 3
497 2630 659 2662 Sallustius
675 2631 706 2662 in
726 2631 850 2672 Prolog.
870 2630 964 2663 Catil.
