1843 3190
414 327 501 376 118
826 343 860 374 s.
905 340 1149 373 Ausus‘mm
1183 338 1386 372 Emscom

405 406 461 456 ad
473 407 699 455 Christum
717 418 906 463 tantum,
928 407 970 452 id
991 418 1069 463 est,
1088 407 1141 452 ad
1154 417 1335 453 unctum
1351 427 1362 460 ς
1380 406 1452 452 sed
1472 406 1525 452 ad
1548 405 1773 453 Christum
1810 418 1811 458 1

405 483 567 535 Jesum,
584 478 630 525 id
649 488 728 534 est,
744 477 798 523 ad
815 478 941 523 etiam
965 477 1231 523 Salvatorem
1250 495 1348 523 cum
1365 477 1557 540 parvulis
1571 487 1768 522 currunt.

403 547 487 594 Sed
510 564 626 604 ecce,
643 564 731 610 quo
758 558 796 593 te
813 547 1051 602 introduxi,
1070 559 1311 593 conventus
1330 558 1574 593 sanctorum
1594 546 1775 592 istorum

400 635 489 664 non
507 628 569 663 est
588 616 825 663 multitudo
849 618 1077 681 popularis
1099 636 1110 662 t
1149 635 1237 663 non
1263 618 1401 664 solum
1422 617 1518 673 filii,
1543 616 1615 662 sed
1634 626 1675 661 et
1694 634 1776 679 pa·
1809 614 1812 624 '

404 698 489 734 tres
512 687 716 732 Ecclesiae
741 697 853 734 sunt.
880 689 940 733 Ex
966 688 1040 733 illo
1056 705 1237 733 numero
1264 699 1380 744 sunt,
1406 688 1459 732 de
1483 687 1643 750 quibus
1667 702 1778 749 prae-

401 756 568 803 dictum
585 767 646 802 est
670 774 680 802 ε
701 778 720 798 <‹
739 758 825 802 Pro
846 758 1045 820 patribus
1065 758 1149 803 tuis
1169 759 1258 804 nati
1276 772 1376 803 sunt
1394 759 1476 803 tibi
1496 757 1590 810 filii,
1613 756 1778 801 consti-

403 847 425 869 »
446 838 538 872 tues
577 843 648 872 eos
688 826 911 889 principes
952 844 1083 889 super
1127 844 1298 872 omnem
1328 839 1483 873 terram
1502 826 1536 872 1.
1568 848 1587 867 ›>
1614 827 1672 870 Ex
1690 842 1776 889 qua
1808 858 1811 891 5

401 895 478 941 filii
496 895 684 955 generati
707 906 833 951 sunt,
875 905 924 940 ut
960 895 1059 941 haec
1102 896 1344 951 discerent3
1376 901 1466 957 ejus
1501 907 1660 959 patres
1674 894 1778 940 facti
1808 894 1811 944 ζ

400 976 518 1020 sunt,
541 975 589 1010 ut
610 964 831 1012 docerent.
1808 970 1810 1029 Ι

465 1034 653 1081 XXXII.
686 1034 805 1092 Quid
831 1045 893 1080 est
910 1034 1031 1099 quod
1047 1052 1123 1081 vos
1145 1036 1332 1096 gaudere
1363 1040 1527 1096 jactas,
1557 1035 1675 1098 quod
1700 1035 1781 1080 ista
1808 1036 1810 1087 ξ

401 1104 574 1161 veritas,
601 1121 735 1169 quam
753 1115 802 1151 tu
821 1122 1009 1151 errorem
1030 1117 1158 1169 putas
1175 1144 1186 1163 ‚
1212 1106 1279 1152 vel
1299 1107 1448 1169 putari
1487 1107 1611 1169 cupis
1633 1123 1643 1150 t
1671 1127 1689 1146 «
1717 1107 1780 1150 De
1807 1091 1810 1165 Ι

399 1185 520 1220 tanta
534 1174 814 1237 multitudine
838 1186 1083 1221 assertorem
1097 1194 1184 1221 non
1206 1186 1348 1239 potest
1372 1176 1595 1220 invenire?
1612 1174 1780 1230 »Quasi
1807 1171 1810 1219 Ι

398 1261 535 1308 parva
553 1245 606 1290 sit
619 1249 711 1305 ejus
730 1247 901 1291 assertio
930 1246 1048 1310 quod
1074 1246 1119 1292 in
1147 1247 1234 1292 hoc
1255 1246 1357 1291 fidei
1383 1245 1627 1290 firmissimo
1647 1255 1688 1289 et
1707 1262 1777 1288 an-

401 1312 643 1377 tiquissimo
666 1315 952 1362 fundamento
990 1317 1085 1380 ipsa
1121 1328 1210 1363 toto
1239 1316 1345 1362 orbe
1379 1316 1534 1361 diffusa
1573 1332 1660 1360 non
1689 1331 1711 1359 a
1738 1331 1780 1359 se
1833 1354 1837 1358 .

401 1383 619 1447 discrepat
636 1384 886 1432 multitudo.
912 1386 956 1431 Si
972 1397 1114 1432 autem
1135 1397 1360 1432 assertores
1379 1403 1448 1431 eos
1468 1386 1652 1445 flagitas,
1673 1401 1781 1448 quo-

401 1458 500 1499 rum
522 1453 689 1516 aliquid
707 1455 836 1500 etiam
853 1454 1096 1501 litterarum
1118 1456 1304 1501 inveniri
1327 1466 1471 1518 potest
1486 1492 1496 1510 ,
1519 1454 1784 1517 illustrisque

403 1522 604 1568 doctrina
626 1534 716 1569 est:
740 1541 793 1569 en
810 1524 929 1570 adest
944 1537 1201 1572 assertorum
1226 1529 1317 1584 ejus
1340 1524 1633 1570 memorabilis
1655 1535 1697 1569 et
1711 1541 1780 1570 ve-

400 1591 606 1638 nerabilis
636 1610 856 1639 consessus
899 1606 1029 1658 atque
1070 1612 1314 1642 consensus.
1370 1595 1554 1639 Sanctus
1593 1595 1780 1638 lrenaeus

401 1661 528 1718 dicit,
557 1663 780 1726 antiquam
821 1667 1028 1727 serpentis
1057 1666 1233 1729 plagam
1269 1665 1355 1710 fide
1381 1665 1545 1709 Christi
1584 1674 1628 1708 et
1654 1681 1780 1708 eruce
1823 1692 1834 1726 ‚¹

401 1731 558 1787 sanari,
584 1743 626 1777 et
642 1732 760 1796 quod
782 1735 1043 1798 protoplasti
1058 1741 1239 1798 peccato
1258 1735 1420 1780 fuimus
1447 1745 1654 1797 tanquam
1678 1730 1795 1779 vin?
1824 1751 1834 1791 s,

401 1800 510 1846 culis
530 1801 705 1861 alligati.
731 1805 914 1849 Sanctus
941 1805 1190 1868 Cyprianus
1214 1805 1339 1860 dicit,
1367 1805 1508 1868 perire
1526 1803 1777 1867 parvulum,
1827 1855 1829 1862 ἲ

401 1869 483 1914 nisi
505 1869 636 1915 fuerit
654 1871 920 1934 baptizatus,
950 1875 1148 1937 quamvis
1175 1875 1212 1919 ei
1234 1892 1321 1919 non
1347 1875 1526 1937 propria
1550 1873 1780 1918 dimittan-
1827 1907 1833 1920 2

400 1949 490 1995 tur,
512 1939 585 1985 sed
624 1939 761 1987 aliena
796 1954 988 2005 peccata.
1022 1945 1206 1990 Sanctus
1233 1944 1427 1989 Retieius
1459 1945 1584 1999 dicit,
1627 1944 1781 1988 veteris
1824 1922 1832 2019 Ι

400 2007 606 2065 hominis,
638 2026 725 2072 quo
751 2028 828 2074 per
852 2012 1075 2059 lavacrum
1101 2014 1432 2073 regenerationis
1457 2014 1670 2066 exuimur,
1694 2030 1780 2057 non

400 2089 572 2124 tantum
598 2090 757 2136 vetera,
777 2082 850 2127 sed
870 2083 1059 2143 ingenita
1083 2102 1169 2130 esse
1189 2095 1388 2148 peccata,
1419 2088 1602 2130 Sanctus
1624 2084 1779 2145 Olym·
1818 2111 1822 2126 ,ι

395 2148 495 2213 pius
518 2148 643 2205 dicit,
666 2151 820 2197 vitium
841 2152 894 2198 de
918 2154 1189 2218 protoplasto
1213 2157 1257 2201 in
1278 2155 1468 2215 germine
1493 2171 1708 2218 sparsum,
1730 2164 1779 2199 ut

399 2228 628 2281 peccatum
644 2236 745 2266 cum
760 2222 938 2269 homine
952 2236 1209 2272 nasceretur.
1236 2225 1420 2270 Sanctus
1440 2224 1629 2270 Hilarius
1647 2223 1775 2279 dicit,

399 2286 447 2340 ex
466 2300 649 2350 peccato
673 2307 758 2335 esse
781 2308 955 2339 omnem
980 2312 1153 2341 carnem
1168 2333 1179 2351 ,
1203 2307 1364 2358 praeter
1381 2295 1496 2339 illius
1515 2331 1525 2346 ‚
1564 2295 1640 2359 qui
1662 2295 1780 2340 venit

399 2355 445 2409 in
459 2357 741 2406 similitudine
758 2363 896 2408 carnis
909 2366 1079 2428 peccati
1092 2366 1180 2410 sine
1195 2376 1391 2429 peccato.
1425 2364 1555 2420 Dicit,
1580 2365 1662 2409 sub
1679 2381 1780 2427 pec-

400 2426 487 2487 eati
506 2427 670 2487 origine
692 2440 732 2475 et
751 2431 833 2475 sub
848 2435 1016 2494 peccati
1030 2434 1120 2494 lege
1139 2446 1290 2480 natum
1314 2451 1416 2490 esse,
1444 2438 1569 2494 cujus
1587 2451 1666 2479 vox
1689 2444 1774 2478 est:

401 2515 424 2556 «⁴
435 2495 524 2556 Ego
534 2496 839 2563 ininiquitatib
847 2518 892 2547 us
908 2515 1144 2567 conceptus
1160 2521 1268 2551 sum.
1287 2526 1307 2546 »
1327 2505 1511 2551 Sanctus
1525 2503 1778 2550 Ambrosius

403 2563 530 2622 dicit,
551 2570 621 2613 eos
632 2568 710 2632 qui
727 2569 938 2634 baptizati
961 2573 1123 2622 fuerint
1144 2573 1350 2639 parvulos
1368 2575 1415 2620 in
1437 2573 1679 2638 primordia
1701 2591 1776 2619 na·

453 2642 465 2666 ¹
484 2646 568 2681 Psat.
586 2637 674 2690 mr,
693 2661 743 2691 ¹7·
1798 2598 1803 2706 Ι
