1843 3190
338 301 398 359 ὃς
759 317 799 356 s.
836 315 1082 356 metimur
1113 316 1320 357 mecon

338 405 474 458 quens
496 380 673 453 adjuvat
692 385 827 451 gratia
839 425 850 446 ‚
866 404 955 436 nou
973 403 1059 435 esse
1073 385 1264 453 potuisse
1286 386 1331 437 in
1349 384 1526 439 homine
1539 427 1550 449 ‚
1570 384 1605 439 si
1626 403 1714 440 non

332 463 599 532 praecederet
635 463 783 524 gratia.
817 458 1049 518 Quomodo
1082 460 1194 507 enim
1226 471 1287 508 est
1319 462 1508 510 hominis
1547 464 1714 511 bonum

334 538 611 602 propositum
640 535 728 580 sine
769 532 995 578 miserante
1028 532 1151 595 prius
1176 533 1363 580 Domino
1387 553 1396 580 :
1418 552 1519 581 cum
1545 535 1640 599 ipsa
1661 537 1716 582 sit

336 609 453 654 bona
473 607 673 653 voluntas
687 642 698 662 ‚
719 621 819 667 quae
838 614 1116 667 praeparatur
1136 622 1158 649 a
1182 605 1396 652 Domino?
1417 607 1547 662 Quod
1569 618 1713 652 autem

335 695 436 725 cum
454 678 655 724 dixissent
672 694 683 720 ε
702 697 722 717 α
738 675 934 721 Gratiam
952 691 1128 738 quoque
1151 674 1220 734 adj
1230 692 1360 721 uvare
1376 677 1716 740 uniuscujusque

333 750 610 813 propositum
652 747 817 792 bonum
838 782 849 802 ‚
873 766 894 786 >³
928 762 1027 790 mox
1059 744 1323 791 addiderunt
1358 764 1369 791 ι
1397 768 1418 788 c<
1442 747 1539 792 Non
1571 758 1714 791 tamen

333 820 567 866 reluctanti
593 817 785 864 studium
812 815 983 862 virtutis
1008 815 1244 861 immittere
1267 833 1277 860 ε
1302 837 1322 858 ›>
1347 827 1489 879 posset
1508 818 1617 862 bene
1642 816 1715 861 in-

329 890 488 949 telligi,
517 889 550 934 si
573 905 662 934 non
683 888 738 932 ab
759 887 847 932 istis
863 924 873 941 ‚
895 903 1083 950 quorum
1111 903 1257 931 sensus
1277 897 1404 932 notus
1429 898 1517 942 est,
1543 887 1712 933 dicere-

330 972 416 1006 tur.
441 958 691 1005 Reluctanti
713 959 827 1003 enim
846 957 969 1020 prius
988 955 1163 1002 auditus
1182 956 1344 1002 divinae
1363 958 1599 1003 vocationis
1619 958 1713 1020 ipsa

333 1031 413 1076 Dei
438 1030 574 1090 gratia
605 1038 884 1092 procuratur,
914 1044 964 1072 ac
989 1026 1145 1072 deinde
1170 1027 1216 1072 in
1243 1026 1316 1072 illo
1335 1031 1427 1087 jam
1450 1046 1538 1073 non
1565 1028 1712 1073 reluc-

333 1111 447 1146 tante
469 1099 662 1145 studium
681 1098 854 1144 virtutis
875 1097 1142 1144 accenditur.
1174 1096 1480 1143 Verumtamen
1500 1099 1545 1143 in
1564 1100 1710 1144 omni-

330 1172 413 1216 bus
447 1187 547 1234 quae
581 1169 764 1233 quisque
806 1169 894 1228 agit
929 1167 1168 1214 secundum
1212 1168 1376 1224 Deum,
1414 1168 1711 1214 misericordia

330 1245 420 1301 ejus
454 1240 666 1304 praevenit
690 1238 833 1285 eum1.
871 1237 1003 1294 Quod
1036 1237 1105 1283 isti
1140 1236 1319 1293 nolunt,
1361 1239 1467 1301 quia
1501 1255 1591 1284 non
1624 1256 1710 1284 esse

330 1310 573 1365 Catholici,
602 1309 674 1354 sed
699 1308 919 1367 Pelagiani
949 1307 1116 1354 volunt.
1163 1307 1356 1353 Multum
1378 1309 1493 1353 enim
1526 1308 1710 1354 delectat

329 1381 594 1443 impietatem
621 1379 854 1442 superbam
871 1415 881 1433 ‚
903 1388 948 1423 ut
961 1378 1089 1423 etiam
1112 1377 1158 1423 id
1182 1377 1302 1441 quod
1318 1379 1488 1438 cogitur
1510 1379 1710 1424 confiteri

328 1469 352 1496 a
376 1451 567 1496 Domino
593 1448 771 1504 datum,
798 1465 886 1493 non
910 1448 994 1493 sibi
1024 1447 1235 1493 donatum
1265 1448 1464 1493 videatur
1483 1466 1594 1503 esse,
1634 1448 1707 1493 sed

327 1521 547 1567 redditum
574 1538 585 1565 ι
614 1531 663 1565 ut
679 1519 844 1565 scilicet
863 1519 941 1564 filii
963 1518 1220 1581 perditionis
1235 1556 1246 1573 ‚
1272 1535 1360 1564 non
1383 1519 1702 1582 promissionis,

324 1592 408 1654 ipsi
432 1591 665 1636 credantur
694 1606 735 1634 se
766 1589 906 1634 bonos
943 1588 1115 1643 fecisse,
1144 1599 1185 1633 et
1217 1590 1333 1634 Deus
1352 1592 1443 1648 jam
1471 1589 1599 1634 bonis
1625 1608 1646 1634 a
1666 1607 1708 1635 se

324 1661 427 1724 ipsis
450 1660 637 1717 effectis,
675 1676 758 1723 pro
794 1658 876 1704 isto
907 1675 1057 1704 eorum
1087 1675 1216 1721 opere
1242 1659 1442 1706 debitum
1471 1660 1705 1723 praemium

326 1730 576 1779 reddidisse.

389 1801 509 1848 XIV.
556 1801 621 1845 Ita
658 1816 846 1862 namque
882 1799 966 1846 illis
1002 1809 1148 1846 tumor
1173 1801 1264 1864 ipse
1299 1818 1418 1848 aures
1443 1800 1586 1847 cordis
1620 1801 1705 1847 ob-

324 1871 507 1927 struxit,
540 1882 589 1916 ut
614 1887 702 1915 non
729 1870 907 1915 audiant
936 1907 947 1926 ,
975 1890 995 1911 «
1018 1870 1138 1927 Quid
1162 1871 1275 1916 enim
1296 1872 1433 1918 habes
1461 1871 1582 1935 quod
1617 1889 1706 1917 non

324 1962 346 1982 2>
372 1941 633 2004 accepisti2P
661 1962 678 1982 ›)
703 1957 792 1986 non
818 1940 1000 1986 audiant
1021 1977 1032 1995 ‚
1054 1961 1074 1981 α
1094 1941 1195 1987 Sine
1218 1958 1286 1987 me
1308 1942 1422 1987 nihil
1444 1943 1620 2005 potestis
1636 1942 1704 1987 fa-

327 2033 347 2052 »
371 2011 492 2056 cere3
512 2029 522 2056 ε
545 2034 565 2053 n
595 2029 682 2057 non
715 2011 895 2057 audiant
919 2049 929 2067 ‚
957 2032 974 2050 «
996 2011 1196 2057 Charitas
1225 2029 1273 2058 ex
1308 2013 1398 2058 Deo
1432 2012 1548 2058 ests‘:
1573 2035 1593 2055 ›>
1615 2030 1703 2058 non

326 2082 540 2139 audiant,
568 2084 724 2127 «Deus
761 2082 948 2144 partitus
988 2093 1049 2127 est
1088 2099 1334 2128 mensuram
1373 2082 1528 2128 fidei5:
1562 2104 1582 2125 >³
1617 2100 1702 2127 non

325 2153 505 2198 audiant
523 2190 534 2210 ‚
560 2175 579 2194 α
603 2153 791 2216 Spiritus
816 2153 894 2198 ubi
921 2152 1018 2199 vult
1052 2153 1242 2215 spirat63
1265 2175 1285 2195 »
1309 2164 1350 2199 et
1371 2174 1391 2194 «
1418 2153 1506 2209 Qui
1535 2154 1702 2216 Spiritu

325 2244 348 2265 2>
373 2224 670 2282 Deiaguntur‚
692 2223 740 2268 hi
760 2222 840 2268 filii
863 2233 964 2268 sunt
985 2222 1093 2267 Dei7
1117 2240 1128 2268 ι
1150 2244 1170 2265 »
1191 2240 1280 2269 non
1297 2222 1506 2280 audiant,
1529 2244 1550 2265 «
1566 2223 1702 2268 Nemo

324 2315 345 2336 »
366 2304 508 2357 potest
519 2294 664 2339 venire
680 2292 814 2338 adme
827 2330 837 2348 ,
858 2294 942 2338 nisi
961 2292 1088 2338 fuerit
1105 2292 1140 2338 ei
1162 2292 1310 2338 datum
1328 2310 1351 2337 a
1369 2294 1497 2338 Patre
1512 2292 1634 2338 meo8
1653 2310 1663 2338 z
1681 2315 1700 2334 η

326 2381 416 2409 11011
439 2362 619 2408 audiant
636 2363 754 2427 quod
780 2362 936 2409 Esdras
958 2363 1111 2408 scribit
1125 2399 1135 2418 ‚
1157 2384 1178 2404 «
1197 2362 1453 2409 Benedictus
1472 2373 1533 2409 est
1554 2364 1701 2409 Domi-

327 2455 349 2476 »
372 2450 453 2480 nus
481 2445 656 2497 patrum
681 2445 928 2479 nostrorum
945 2471 956 2491 ,
991 2433 1067 2497 qui
1093 2434 1181 2480 hoc
1216 2433 1337 2479 dedit
1373 2434 1419 2479 in
1455 2451 1529 2480 cor
1561 2433 1696 2494 regis,

373 2545 383 2565 ¹
403 2542 486 2575 Psal.
508 2553 603 2579 unt,
623 2553 674 2573 11.
688 2559 733 2564 —
748 2539 763 2562 2
786 2553 798 2572 1
816 2543 880 2573 Cor
908 2553 952 2579 xv,
974 2553 1003 2581 7.
1020 2558 1066 2564 -
1085 2538 1100 2563 3
1116 2542 1211 2573 Joan.
1229 2552 1280 2580 xv,
1299 2542 1329 2572 5.
1355 2558 1400 2564 —
1417 2538 1432 2564 ⁴
1450 2553 1463 2572 1
1484 2544 1579 2574 Joan.
1598 2553 1644 2581 n,
1665 2553 1696 2581 7.

322 2616 369 2623 -—
387 2595 402 2620 ⁵
427 2602 521 2632 Rom.
550 2608 610 2644 ιιι,
636 2599 671 2632 3.
699 2614 747 2623 -
774 2594 902 2633 ⁶Joan.
929 2609 998 2643 ιιι,
1030 2599 1064 2632 8.
1090 2613 1136 2623 -
1155 2595 1170 2622 7
1196 2600 1292 2633 Rom.
1321 2608 1398 2641 vm,
1431 2603 1485 2636 14.
1502 2615 1547 2625 —
1564 2594 1578 2623 8
1598 2600 1696 2633 Joan.

320 2664 364 2693 vr,
381 2654 437 2686 66.
