1843 3190
268 241 361 306 48&
681 268 715 297 5.
761 265 1001 296 Atorsrim
1036 265 1239 298 EPISCOPI

267 331 394 386 bant,
417 331 473 376 de
495 332 656 394 quibus
676 333 732 377 ait
753 370 762 387 ,
786 352 804 372 α
825 334 1076 392 ignorantes
1097 334 1176 379 Dei
1193 334 1402 394 justitiam
1420 371 1431 391 ,
1457 355 1476 375 ›>
1496 334 1541 380 id
1555 345 1633 391 est,

270 420 371 466 quae
399 414 461 448 est
483 421 530 448 ex
556 404 645 449 Deo
664 440 676 458 ,
702 404 843 464 (hanc
876 404 988 448 enim
1017 404 1093 450 dat
1113 423 1200 450 non
1235 405 1378 451 littera
1404 406 1605 451 occidens
1623 442 1633 461 ‚

264 473 339 518 sed
356 474 581 519 vivificans
605 474 806 536 spiritus3
827 474 843 536 )
863 495 882 514 α
906 475 961 518 Et
979 491 1100 520 suam
1122 475 1312 521 volentes
1328 477 1586 521 constituere
1600 496 1638 531 ‚n

263 560 396 606 quam
432 544 538 588 dixit
574 544 665 607 ipse
700 560 745 588 ex
771 544 1116 604 legejtistitiam‚
1138 563 1237 592 cum
1263 545 1455 602 diceret,
1493 568 1508 586 «
1540 545 1639 591 Non

263 615 465 660 »habens
486 615 840 674 nieamjustitiam
855 632 954 678 quae
968 634 1014 661 ex
1034 615 1124 676 lege
1146 627 1207 661 est
1226 635 1236 661 :
1258 617 1438 677 justitiae
1457 617 1536 662 Dei
1553 634 1639 661 non

263 696 396 730 »sunt
420 685 605 745 subjecti
625 722 636 740 ‚
658 706 677 726 >2
701 686 786 731 hoc
810 696 871 731 est
889 724 899 742 ‚
929 687 1077 746 gratiae
1104 688 1188 732 Dei
1203 705 1290 733 non
1317 699 1417 733 sunt
1435 687 1633 747 subjecti.

265 756 358 801 Sub
387 755 476 814 lege
497 756 611 800 enim
638 767 778 812 erant,
807 774 895 801 non
928 757 1009 802 sub
1036 758 1199 816 gratia3
1226 768 1266 802 et
1293 757 1390 802 ideo
1412 758 1469 802 eis
1493 757 1640 802 dorni-

261 827 452 872 nabatur
476 836 707 888 peccatum
732 869 740 880 ,
770 844 793 871 a
812 844 899 889 quo
928 845 1014 872 non
1039 828 1089 873 fit
1116 827 1251 872 homo
1277 828 1388 873 liber
1415 827 1506 887 lege
1527 864 1538 883 ‚
1568 825 1640 871 sed

263 898 413 957 gratia.
439 898 628 960 Propter
647 898 766 960 quod
789 898 895 944 aiibi
920 898 1028 944 dicit
1047 936 1057 955 ,
1083 920 1103 939 α
1124 899 1359 944 Peccatum
1389 899 1502 944 enim
1522 897 1646 944 vobis

261 984 381 1013 »non
405 966 705 1025 dominabitur
726 988 736 1021 ;
756 986 846 1014 non
870 969 984 1014 enim
1009 969 1107 1014 estis
1133 970 1215 1015 sub
1236 969 1345 1029 lege,
1369 969 1441 1014 sed
1459 969 1540 1014 sub
1553 985 1646 1027 gra-

262 1037 384 1083 »tia4l
413 1055 423 1082 :
450 1059 469 1079 ›>
506 1055 595 1083 non
620 1038 723 1102 quia
747 1039 810 1084 lex
836 1039 947 1084 mala
975 1050 1066 1093 est3
1099 1040 1171 1085 sed
1207 1040 1308 1103 quia
1338 1039 1420 1084 sub
1444 1038 1517 1084 illa
1547 1047 1647 1083 sunt

265 1126 376 1173 quos
405 1126 497 1154 reos
518 1108 623 1154 facit
645 1110 845 1169 jubendo
862 1148 871 1165 ,
899 1126 986 1155 non
1012 1110 1278 1170 adjuvando.
1305 1109 1456 1155 Gratia
1481 1108 1647 1173 quippe

267 1180 448 1239 adjuvat
473 1191 522 1225 ut
556 1178 659 1240 legis
680 1185 866 1244 quisque
900 1182 953 1226 sit
977 1180 1116 1228 factor
1133 1219 1143 1237 ‚
1171 1183 1260 1226 siue
1291 1199 1376 1244 qua
1403 1180 1538 1240 gratia
1565 1177 1647 1223 sub

267 1244 358 1304 lege
381 1245 547 1307 positus
573 1245 879 1291 tantummodo
903 1247 984 1291 erit
1016 1246 1119 1305 legis
1146 1247 1333 1292 auditor.
1368 1245 1550 1290 Talibus
1570 1244 1649 1288 ita-

267 1331 351 1378 que
388 1314 524 1370 dicit,
558 1336 577 1356 «
604 1315 693 1372 Qui
736 1315 782 1360 in
817 1315 908 1375 lege
936 1317 1275 1375 justificamini,
1317 1334 1339 1361 a
1365 1315 1500 1375 gratia
1532 1313 1649 1359 exci—

267 1408 281 1425 »
300 1385 421 1430 distis
441 1386 507 1432 2.»

331 1456 467 1503 XXV.
497 1456 606 1512 Quis
634 1456 693 1502 ita
720 1456 773 1502 sit
797 1456 954 1502 surdus
993 1457 1196 1503 adversus
1215 1456 1471 1521 apostolicas
1489 1470 1614 1501 voces
1636 1492 1648 1511 ,

269 1526 369 1589 quis
395 1526 452 1571 ita
478 1525 679 1590 desipiat,
703 1528 791 1572 imo
810 1527 996 1572 insaniat
1016 1528 1206 1573 nesciens
1231 1527 1339 1590 quid
1356 1526 1582 1589 loquatur,
1603 1534 1651 1569 ut

274 1597 431 1642 audeat
452 1597 612 1653 dicere,
640 1598 776 1658 legem
797 1616 884 1644 esse
904 1599 1085 1658 gratiam
1102 1637 1111 1655 ‚
1140 1616 1241 1644 cum
1267 1598 1427 1644 clamet
1446 1597 1521 1660 qui
1550 1596 1654 1641 seie-

272 1667 351 1712 bat
371 1668 477 1729 quid
504 1667 756 1731 loqueretur
775 1707 785 1725 ,
807 1691 826 1709 «
851 1669 940 1726 Qui
960 1670 1004 1714 in
1029 1669 1119 1729 Iege
1138 1666 1452 1730 justificamini,
1475 1685 1495 1712 a
1520 1666 1654 1726 gratia

276 1738 552 1784 »excidistisss
570 1762 588 1780 υ
615 1740 660 1784 Si
680 1750 821 1785 autem
842 1739 905 1784 lex
929 1757 1015 1784 non
1043 1751 1102 1784 est
1117 1740 1269 1799 gratia,
1284 1738 1386 1802 quia
1409 1748 1455 1783 ut
1478 1737 1571 1799 ipsa
1592 1735 1656 1780 lex

271 1809 365 1863 fiat,
388 1826 478 1853 non
496 1820 639 1872 potest
655 1809 719 1855 lex
736 1810 965 1870 adjuvare,
983 1810 1056 1856 sed
1083 1810 1217 1870 gratia
1235 1827 1244 1866 ς
1260 1807 1476 1871 numquid
1500 1817 1657 1852 natura

276 1879 354 1924 erit
380 1880 544 1939 gratia?
563 1882 672 1925 Nam
701 1891 742 1926 et
762 1880 849 1926 hoc
876 1881 1098 1940 Pelagiani
1123 1881 1212 1926 ausi
1238 1892 1336 1926 sunt
1361 1880 1503 1924 dicere
1520 1915 1530 1933 ‚
1563 1894 1655 1936 gra-

276 1950 378 1995 tiam
405 1968 492 1995 esse
527 1961 728 1996 naturam
750 1989 761 2008 ,
788 1951 833 1996 in
854 1968 940 2015 qua
960 1951 1020 1997 sic
1045 1952 1179 1997 creati
1203 1967 1352 1996 sumus
1372 1985 1382 2002 ‚
1412 1956 1461 1994 ut
1488 1947 1658 1992 habea-

275 2037 372 2065 mus
388 2032 573 2066 mentem
596 2021 867 2077 rationalem,
894 2022 995 2084 quia
1015 2021 1255 2080 intelligere
1276 2020 1499 2065 valeamus
1521 2054 1531 2072 ‚
1553 2013 1660 2061 facti

277 2090 330 2136 ad
351 2092 583 2151 imaginem
597 2093 692 2146 Dei„
722 2104 769 2137 ut
794 2092 1069 2138 dominemur
1086 2092 1283 2154 piscibus
1307 2089 1451 2143 maris,
1470 2097 1512 2132 et
1530 2085 1659 2131 volu-

282 2162 431 2207 cribus
470 2163 571 2208 coeli
593 2200 604 2219 ,
644 2174 685 2208 et
709 2164 913 2208 omnibus
942 2164 1176 2226 pecoribus
1200 2179 1300 2225 quae
1336 2169 1495 2224 repunt
1533 2173 1662 2220 super

278 2242 451 2279 terram.
484 2232 568 2278 Sed
593 2251 679 2279 non
698 2233 794 2279 haec
818 2245 877 2278 est
895 2234 1048 2294 gratia,
1071 2250 1205 2296 quam
1225 2229 1506 2278 commendat
1524 2229 1663 2291 Apos-

281 2302 392 2348 tolus
417 2320 496 2365 per
514 2303 645 2349 fidem
675 2308 774 2350 Jesu
806 2305 986 2351 Christi.
1014 2305 1141 2350 Hanc
1166 2301 1282 2348 enim
1308 2311 1511 2347 naturam
1532 2299 1662 2344 etiam

280 2389 380 2418 cum
404 2373 550 2436 impiis
577 2384 619 2419 et
637 2374 890 2420 infidelibus
909 2386 1075 2420 certum
1099 2385 1164 2420 est
1186 2373 1312 2418 nobis
1339 2386 1425 2416 esse
1460 2382 1664 2415 commu-

282 2459 380 2489 nem
405 2461 414 2488 :
442 2444 579 2504 gratia
597 2460 697 2489 vero
719 2462 798 2507 per
819 2445 952 2491 fidem
971 2450 1070 2491 Jesu
1095 2443 1262 2490 Christi
1287 2456 1441 2488 eornm
1466 2448 1663 2485 tantum—

283 2516 415 2563 modo
443 2527 526 2574 est,
566 2532 753 2581 quorum
786 2529 847 2564 est
869 2519 963 2584 ipsa
998 2518 1118 2566 fides.
1150 2539 1171 2560 α
1199 2517 1297 2563 Non
1323 2515 1436 2562 enim
1463 2512 1663 2560 omnium

335 2600 346 2622 ¹
367 2602 458 2631 Rom.
479 2611 521 2638 vr,
541 2607 591 2637 14.
610 2599 800 2633 —2Galat.
819 2612 852 2644 v,
871 2609 902 2639 4.
