1843 3190
299 247 473 280 CONTRA
505 248 732 293 summum
770 248 1075 294 amormuni,
1114 254 1201 285 ΠΒ.
1242 255 1275 287 1.
1413 243 1475 306 95

115 313 250 379 patris
268 314 329 370 tui
343 332 429 370 non
451 315 680 374 immemor
693 313 728 370 1,
753 315 829 377 qui
847 332 1018 372 mecum
1034 333 1121 375 non
1134 335 1315 383 parvam
1327 322 1481 377 inierat

116 383 350 443 ,amicitiam
366 384 584 448 colloquio
599 384 853 441 litterarum,
871 395 994 452 teque
1008 386 1151 451 ipsum
1166 388 1275 445 mihi
1288 390 1482 444 charissi-

115 468 234 510 mum
251 453 425 511 fecerat,
444 471 544 500 cum
563 464 600 498 te
620 453 811 511 viderem
827 454 872 510 in
888 454 1012 503 libris
1026 456 1110 501 tuis
1123 474 1210 505 non
1226 459 1481 517 antelucano

114 523 341 577 convivivo
367 524 672 581 temulentum,
692 523 764 568 sed
781 524 930 580 insano
944 526 1141 582 convicio
1158 528 1477 589 ¹turbulentum,

110 590 329 651 introduxi
344 604 380 641 te
389 593 624 651 sedandum
637 603 765 657 atque
777 593 1033 651 sanandum,
1043 613 1128 651 non
1140 596 1185 641 in
1195 596 1320 657 alicuj
1329 616 1375 644 us
1384 601 1481 663 phi-

111 659 286 726 losophi
312 663 594 721 auditorium,
616 663 690 721 sed
712 663 758 712 in
779 674 1027 710 sanctorum
1050 676 1225 729 patrum
1244 669 1479 730 pacificum

110 728 504 797 honorandumque
525 744 804 792 convenriliii.
828 734 893 779 Sit
907 752 1050 798 operae
1064 737 1273 801 pretium,
1293 739 1472 793 obsecro

111 811 169 858 te,
195 803 337 867 aspice
353 803 448 850 illos
481 804 671 867 quodam
690 803 819 848 modo
843 804 1094 869 aspicientes
1114 817 1168 859 te,
1187 818 1229 856 et
1257 821 1476 865 mansuete

109 871 259 918 leniter
271 891 320 918 ac
344 873 534 930 dicentes
552 874 635 919 tibi
658 892 668 918 :
689 875 934 933 Ita-nenos,
962 876 1225 934 filihliane,
1247 880 1480 934 Manichaei

110 941 282 998 sumus?
305 945 429 1003 Rogo
447 943 556 1006 quid
580 944 893 1006 respondebis?
914 945 1085 1000 Quibus
1104 964 1173 993 eos
1193 948 1480 1001 oculisintue-

108 1009 253 1070 beris?
288 1013 400 1068 Quae
423 1009 504 1058 tibi
529 1025 781 1072 argumenta
807 1019 1087 1061 succurrent?
1118 1033 1217 1080 quae
1242 1019 1480 1068 Aristotelis

110 1084 354 1140 categoriae,
380 1083 567 1146 quibus,
590 1094 637 1128 ut
664 1083 709 1127 in
728 1100 804 1129 nos
824 1083 943 1129 velut
967 1084 1115 1130 artifex
1138 1085 1383 1149 disputator
1407 1089 1476 1133 in-

109 1148 238 1208 silias,
261 1152 396 1207 videri
420 1152 588 1215 appetis
611 1152 839 1197 elimatus?
864 1153 975 1209 Quae
994 1164 1170 1205 tuorum
1194 1169 1477 1215 argumento-

108 1239 204 1267 rum
222 1223 290 1278 vel
305 1223 415 1268 acies
436 1219 585 1277 rnre-a,
604 1223 669 1269 vel
690 1222 890 1285 plumbei
902 1225 1110 1287 pugiones
1127 1225 1170 1281 in
1186 1226 1359 1276 illorum
1377 1246 1479 1273 con-

101 1303 251 1358 spectu
291 1294 400 1347 exeri
440 1293 668 1347 audebunt
681 1288 702 1339 ᾗ
723 1294 834 1349 Quae
859 1295 934 1347 abs
970 1305 1010 1339 te
1034 1313 1153 1341 arma
1189 1314 1278 1342 non
1311 1297 1475 1357 fugient

100 1362 357 1428 nudumque
400 1363 666 1422 destituent?
691 1365 758 1418 An
794 1364 903 1408 forie
938 1363 1134 1410 dicturus
1158 1383 1223 1422 es,
1259 1368 1473 1413 neminem

100 1432 272 1491 illorum
301 1445 340 1479 te
371 1434 417 1479 in
454 1434 533 1478 isto
568 1433 748 1490 crimine
791 1434 1064 1480 nominasse?
1107 1436 1160 1489 Et
1186 1436 1293 1502 quid
1317 1437 1470 1494 facies,

102 1519 202 1548 cum
219 1503 301 1558 ,tibi
338 1503 535 1561 dixerint.
566 1503 855 1548 Tolerabilius
883 1503 1010 1556 dente
1048 1504 1260 1551 maledico
1295 1508 1473 1553 nomina

101 1573 348 1626 concideres
374 1583 519 1618 nostra
543 1609 553 1628 ,
579 1589 710 1636 quam
758 1572 889 1628 fidem
930 1584 1137 1631 nostram,
1168 1579 1293 1638 cujus
1321 1577 1473 1630 merito

101 1642 146 1688 iu
169 1644 282 1690 coelo
315 1644 490 1699 nomina
512 1643 607 1705 ipsa
638 1643 800 1706 scripta
829 1654 929 1689 sunt
954 1648 1127 1694 nostra?
1145 1647 1212 1691 An
1229 1646 1340 1692 forse
1357 1647 1473 1698 dices

100 1715 182 1765 eis:
204 1715 292 1765 Nec
306 1714 436 1769 fidem
450 1724 635 1759 vestram
662 1713 749 1758 ullo
775 1713 849 1759 tali
866 1714 1046 1760 crimine
1070 1715 1229 1762 violavi
1244 1719 1262 1762 Ρ
1279 1717 1363 1762 Sed
1384 1735 1471 1780 qua

101 1783 364 1830 confidentia
376 1783 421 1829 id
441 1784 581 1829 dicere
598 1783 792 1839 audebis,
814 1783 948 1829 homo
962 1784 1156 1848 quidicis
1173 1786 1471 1840 Manichaeum

102 1870 187 1909 esse
209 1871 393 1911 sensum,
413 1854 610 1899 confiteri
621 1872 669 1899 ex
688 1854 827 1899 Adam
847 1855 1014 1901 trahere
1031 1867 1250 1901 nascentes
1268 1858 1475 1918 originale

98 1935 358 1985 peccatum3
385 1924 506 1988 quod
543 1924 614 1969 isti
647 1924 827 1970 confessi
852 1935 980 1988 atque
1006 1924 1183 1988 professi
1218 1937 1317 1971 sunt
1352 1928 1471 1990 quod

99 1994 145 2045 in
165 1994 329 2050 Christi
352 1994 540 2039 Ecclesia
565 2011 742 2047 suorum
766 1993 1112 2040 rudimentorum
1138 2006 1330 2060 tempore
1354 1997 1473 2043 didi-

101 2074 270 2118 cerunt,
301 2063 420 2127 quod
465 2064 628 2110 Christi
654 2064 894 2109 Ecclesiam
922 2082 1099 2110 suorum
1121 2065 1339 2112 honorum
1359 2077 1472 2112 tem-

100 2150 207 2196 pore
226 2134 486 2189 docuerunt,
524 2135 600 2197 qui
631 2151 710 2196 per
752 2135 964 2197 'Spiritum
1005 2145 1203 2180 sanctum
1224 2146 1312 2180 tam
1338 2136 1474 2181 multa

100 2214 275 2266 peccata
303 2204 508 2248 omnibus
529 2220 637 2266 quos
674 2204 895 2266 baptizare
922 2215 1186 2267 potuerunt,
1219 2215 1307 2250 tam
1328 2206 1473 2255 multis

100 2274 292 2336 parvulis
321 2274 409 2318 sola
429 2273 655 2332 originalia
688 2273 971 2319 remiserunt?
991 2275 1155 2319 lterum
1181 2284 1220 2319 te
1243 2274 1471 2332 admoneo,

99 2345 255 2390 iterum
279 2361 381 2404 rogo
397 2381 408 2400 ‚
438 2344 581 2406 aspice
600 2353 665 2388 tot
689 2360 737 2389 ac
773 2343 875 2389 tales
902 2343 1106 2390 Ecclesiae
1137 2345 1368 2391 catholicae
1395 2346 1474 2391 de-

100 2413 300 2461 fensiores
319 2426 448 2478 atque
464 2413 684 2459 doctores:
707 2413 806 2459 vide
825 2413 986 2477 quibus
1002 2425 1091 2460 tam
1110 2432 1283 2475 gravem
1301 2426 1474 2480 tamque

100 2484 307 2531 nefariam
348 2483 549 2544 irrogaris
572 2482 632 2543 inj
641 2483 794 2528 uriam.

147 2575 160 2598 ¹
174 2575 258 2607 Vide
275 2577 353 2617 Aug.
371 2574 461 2617 epist.
481 2585 553 2605 101.
567 2580 598 2606 et
611 2574 796 2606 Mercatoris
809 2575 994 2610 commonit.
1010 2575 1165 2609 adversus
1180 2576 1288 2617 Pelag.
1308 2581 1339 2609 et
1352 2576 1474 2611 Julian.

101 2631 156 2666 hic
175 2630 209 2664 in
226 2642 260 2666 2.
277 2636 363 2674 part.
383 2629 530 2674 Append.
545 2629 844 2665 Benedictinorum.
