1843 3190
269 327 443 359 CONTRA
476 317 702 359 JULIAN'UM
735 324 1042 366 ΡΕιΑωΑΝυΜ,
1081 327 1170 360 mn.
1214 329 1263 361 11.
1360 313 1448 377 159

77 396 373 458 Intemperans
389 393 505 439 enim
530 392 576 438 in
608 391 833 451 conjugio,
870 391 978 455 quid
1005 390 1122 438 aliud
1145 393 1228 439 nisi
1262 394 1443 458 quidam

79 463 246 511 adulter
270 464 412 510 uxoris
445 465 569 508 esti‘»
605 463 753 508 Cernis
785 461 1156 525 quemadmodum
1185 463 1290 510 velit
1321 465 1449 510 etiam

77 535 186 581 inter
204 552 245 580 se
267 535 361 597 ipsa
379 551 475 580 vere
497 533 678 578 honesta
709 549 794 577 esse
816 532 1051 592 conjugia?
1080 533 1209 578 Vides
1233 533 1449 597 quemad·-

77 605 258 650 modum
275 605 417 660 dicat,
443 602 803 649 incontinentiam
827 603 956 648 etiam
981 602 1100 648 licita
1132 614 1293 649 vertere
1317 604 1362 648 in
1380 603 1452 648 vi·-

78 675 214 731 tium,
242 674 322 719 ubi
343 684 385 719 et
406 673 575 719 licitum
605 672 870 718 demonstrat
893 690 978 718 esse
1008 673 1279 718 connubium
1298 709 1309 728 ‚
1342 683 1383 717 et
1407 674 1450 719 in

79 745 173 807 ipso
205 760 294 788 non
316 742 411 789 vult
436 743 793 788 incontinentiam
817 741 984 788 foedare
1007 742 1127 805 quod
1157 742 1327 788 licitum
1356 746 1451 788 est‘?

81 812 279 859 Advertis
301 812 522 875 quomodo
546 811 781 871 intelligere
811 812 1039 857 nobiscum
1064 812 1221 858 debeas
1239 849 1251 868 ,
1288 812 1334 857 in
1365 829 1454 875 quo

80 883 236 928 morbo
265 882 466 928 desiderii
500 882 688 927 noluerit
722 882 954 945 Apostolus
992 899 1349 947 unumquemque
1377 899 1452 927 vas

81 968 208 997 suum
226 951 470 1014 possidere1
489 988 501 1008 ‚
524 953 635 997 sicut
653 962 795 1011 gentes
818 969 916 1014 quae
934 952 1136 1011 ignorant
1161 954 1332 997 Deum?
1352 951 1455 997 Tibi

83 1031 226 1066 autem
250 1021 391 1065 libido
414 1038 502 1065 non
520 1021 601 1065 nisi
625 1031 786 1083 praeter
803 1038 976 1066 uxorem
1003 1021 1176 1067 videtur
1199 1037 1286 1066 esse
1303 1021 1455 1083 culpa-

81 1089 197 1137 bilis.
228 1089 347 1146 Quid
367 1106 468 1148 ergo
489 1089 544 1134 de
562 1090 792 1134 Ambrosio
806 1090 1049 1149 judicabis,
1072 1092 1150 1154 qui
1167 1091 1458 1153 intemperan-

82 1171 171 1206 tem
205 1160 251 1206 in
282 1160 487 1220 conjugio
517 1159 762 1205 adulterum
797 1160 1031 1224 quemdam
1061 1160 1253 1224 appellat
1287 1160 1457 1206 uxoris?

85 1230 122 1273 T
127 1246 239 1275 u-ne
260 1228 412 1274 melius
435 1228 610 1292 nuptias
633 1229 837 1284 honoras,
865 1230 912 1275 in
933 1230 1094 1294 quibus
1116 1229 1299 1292 glibidini
1318 1228 1456 1274 licen-

85 1299 361 1345 tiosissimum
384 1299 573 1362 spatium
604 1298 861 1362 praebuisti3
892 1317 946 1345 ne
977 1299 1166 1345 fortassis
1192 1300 1353 1345 offensa
1379 1298 1459 1343 de-

85 1369 297 1415 fensorem
321 1368 404 1414 sibi
429 1368 561 1415 alium
585 1368 866 1432 provideret?
896 1370 1047 1433 Neque
1070 1371 1184 1416 enim
1202 1406 1215 1426 ‚
1241 1368 1361 1432 quod
1384 1385 1460 1427 ego

87 1438 423 1485 commemoravi
461 1438 698 1484 secundum
730 1439 901 1485 veniam
933 1440 1195 1500 conjugibus
1227 1437 1463 1483 concedere

89 1507 348 1571 Apostolum
364 1508 402 1563 2,
432 1508 538 1570 (ubi
555 1508 711 1571 procul
728 1508 867 1554 dubio
881 1519 1058 1556 notatur
1073 1546 1084 1565 ,
1109 1509 1186 1554 etsi
1202 1507 1459 1568 ignoscitur,

89 1577 272 1640 culpa‚)
297 1576 446 1622 saltem
472 1577 604 1623 verbo
632 1587 756 1623 tenus
789 1578 996 1638 attingere
1026 1578 1223 1634 voluisti3
1250 1586 1325 1621 aut
1343 1575 1463 1639 quod

92 1648 148 1693 ab
166 1647 241 1692 illo
259 1663 387 1709 opere
401 1682 412 1701 ,
433 1656 482 1691 ut
503 1646 688 1692 orationi
706 1658 887 1703 vacent,
909 1664 1068 1694 cessare
1087 1652 1294 1706 conjuges
1316 1645 1464 1690 admo-

91 1726 273 1772 nentur,
299 1715 418 1779 quod
441 1732 517 1775 ego
543 1726 683 1762 totum
713 1718 1078 1774 commemoravi,
1107 1733 1235 1763 ausus
1258 1732 1300 1760 es
1318 1715 1363 1760 in
1393 1725 1465 1760 tua

92 1785 369 1849 responsione
387 1784 587 1830 refricare
614 1803 624 1830 t
648 1784 778 1830 credo
796 1822 807 1841 ,
830 1785 1069 1832 formidans
1085 1823 1096 1843 ,
1121 1803 1174 1832 ne
1199 1795 1274 1831 tua
1297 1783 1468 1830 videre-

94 1865 166 1900 tur
186 1855 474 1918 praevaricata
499 1854 712 1911 defensio,
730 1856 774 1900 ‘si
796 1865 838 1900 et
867 1866 906 1900 te
936 1857 1170 1902 confitente
1208 1864 1464 1918 appareret,

93 1925 214 1988 quod
231 1942 310 1988 per
331 1924 558 1970 libidinem
576 1961 587 1981 ,
610 1925 682 1970 cui
709 1935 750 1970 te
766 1926 1031 1988 patrocinari
1047 1944 1135 1972 non
1153 1925 1290 1989 pudet
1308 1961 1320 1980 ‚
1341 1925 1470 1969 etiam

96 1999 331 2055 conjugum
357 1994 640 2057 impediretur
662 1995 814 2042 oratio.
843 1997 908 2042 Ita
929 2013 1029 2042 cum
1048 1996 1159 2041 mihi
1182 2012 1264 2058 pro
1285 1993 1360 2039 illa
1380 2010 1471 2038 res-

96 2064 289 2127 pondere
315 2081 493 2127 cuperes
511 2100 522 2120 ,
560 2064 634 2110 sed
668 2065 880 2127 Apostolo
917 2067 1107 2112 resistere
1135 2081 1224 2111 non
1265 2062 1468 2119 auderes,

97 2135 237 2179 necin
254 2134 381 2180 aliam
394 2134 648 2179 sententiam
666 2171 678 2191 ‚
698 2135 810 2180 sicut
828 2135 968 2181 soletis
985 2172 995 2191 ‚
1019 2136 1162 2198 ipsum
1181 2133 1472 2197 apostolicum

99 2203 391 2248 testimonium
421 2202 676 2265 detorquere
702 2204 942 2266 potuisses,
982 2206 1159 2250 omnino
1196 2202 1298 2248 inde
1333 2212 1472 2247 tacere

99 2273 303 2319 maluisti.
334 2275 403 2319 Tu
423 2289 524 2332 ergo
550 2272 700 2317 melius
719 2273 908 2318 honoras
924 2274 1099 2336 nuptias
1118 2310 1129 2329 ‚
1158 2288 1345 2336 quarum
1372 2271 1471 2329 dig-

101 2342 280 2387 nitatem
296 2353 504 2404 tanquam
529 2341 706 2386 omnino
728 2342 1101 2404 irreprehensibili
1123 2341 1353 2389 volutabro
1379 2356 1472 2385 car-

102 2412 210 2457 nalis
226 2413 590 2476 concupiscentiae
613 2411 859 2466 decoloras;
889 2431 940 2457 an
965 2413 1060 2470 ille,
1093 2413 1171 2475 qui
1197 2429 1298 2457 cum
1320 2410 1439 2456 dicat
1456 2445 1467 2464 ‚

103 2499 191 2528 non
209 2482 349 2528 solum
375 2483 542 2528 licitum
560 2519 571 2539 ,
603 2482 675 2527 sed
699 2483 827 2528 etiam
855 2484 1023 2529 bonum
1059 2484 1309 2542 conjugium
1345 2497 1473 2526 sanc-

105 2563 279 2616 tamque
309 2553 538 2616 copulam‚
577 2563 723 2599 tamen
758 2564 946 2600 cessante
989 2553 1185 2602 libidinis
1219 2552 1474 2613 voluptate,

161 2634 171 2655 ¹
199 2644 210 2663 1
231 2633 340 2667 Thess.
361 2645 409 2676 xv,
427 2644 456 2673 4.
476 2653 521 2659 —-
535 2633 550 2657 ²
574 2645 588 2664 1
606 2636 680 2666 Cor.
695 2644 754 2673 vn,
773 2635 808 2669 6.

78 2697 105 2713 z..

78 2718 104 2743 ἱιὶ
