1843 3190
237 365 412 400 CONTRA
447 365 671 402 JULIANUM
705 365 1010 411 PELAGIANUM,
1049 367 1138 400 LIB.
1180 371 1228 402 11.
1324 373 1408 420 177

42 448 269 496 perperam
289 432 493 496 cuiquam
511 431 578 479 vel
601 431 816 480 adversari
834 433 901 480 vel
911 433 1052 480 favere
1064 435 1270 497 potuisse.
1294 435 1414 482 Non-

45 503 151 548 dum
173 503 287 548 enim
312 502 566 559 extiteratis,
587 513 737 548 contra
767 520 876 567 quos
900 504 1212 568 susciperemus
1245 505 1298 550 de
1326 505 1413 552 hac

45 573 281 636 quaestione
298 573 549 618 conflictum
572 589 582 616 :
603 572 802 618 nondum
824 574 971 631 eratis,
989 574 1065 636 qui
1082 575 1277 621 diceretis
1293 576 1414 640 quod

44 642 89 687 in
112 641 235 687 libris
261 642 343 687 tuis
369 641 495 704 ponis
520 659 530 686 ε
553 663 573 683 «
597 642 712 698 Quia
734 642 787 687 de
806 643 929 689 vobis
954 643 1226 690 multitudini
1247 647 1417 692 mentiti

44 711 252 757 fuerimus
267 749 279 768 ,
298 723 340 757 et
364 711 483 774 quod
508 710 871 757 Coelestianorum
900 712 968 758 vel
991 713 1319 773 Pelagianorum
1336 732 1416 761 no-

45 782 159 828 mine
179 782 374 828 homines
400 792 657 838 terreamus,
684 792 726 827 et
746 782 867 846 quod
892 793 1054 829 terrore
1081 784 1136 829 ab
1159 785 1417 832 hominibus

47 863 372 915 extorqueamus
387 868 618 898 assensum.
641 873 659 894 »
682 852 809 898 Certe
822 853 914 916 ipse
937 853 1080 899 dixisti
1099 891 1111 911 ,
1134 876 1153 896 «
1174 856 1305 913 Quod
1325 874 1416 902 om-

47 940 120 969 nes
139 922 307 982 judices
325 922 381 966 ab
409 922 508 967 odio
526 959 538 978 ,
556 922 744 968 amicitia
757 960 767 979 ‚
794 923 1020 969 inimicitia
1037 961 1049 980 ‚
1071 924 1134 970 ira
1152 942 1310 972 vacuos
1330 944 1417 973 esse

48 992 212 1038 deceat.
236 992 407 1038 »Pauci
426 992 526 1037 tales
554 993 987 1054 potueruntinveniri
1010 1011 1020 1039 ε
1040 995 1112 1039 sed
1137 995 1418 1043 Ambrosium

49 1062 237 1126 aliosque
251 1063 433 1121 collegas
453 1066 542 1121 ejus
559 1099 570 1118 ,
593 1079 700 1124 quos
717 1080 817 1109 cum
833 1064 907 1109 illo
928 1067 1264 1112 commemoravi
1282 1104 1293 1123 ,
1315 1068 1419 1113 tales

48 1131 175 1179 fuisse
187 1132 449 1178 credendum
472 1142 546 1178 est.
572 1132 733 1178 Verum
753 1144 794 1178 et
817 1133 850 1178 si
864 1133 966 1179 tales
986 1151 1074 1180 non
1097 1135 1273 1182 fuerunt
1288 1138 1333 1182 in
1350 1138 1420 1184 his

0 1204 1 1207 ’
51 1203 215 1259 causis,
246 1220 353 1266 quas
378 1203 430 1249 ad
462 1219 504 1248 se
530 1201 692 1248 delatas
714 1213 754 1248 et
774 1202 887 1248 inter
904 1213 1047 1266 partes
1080 1206 1298 1264 cognitas,
1318 1224 1421 1253 cum

0 1319 1 1334 ἶ
50 1273 126 1319 bic
148 1274 363 1328 viverent,
385 1290 462 1318 suo
476 1272 642 1332 judicio
662 1272 869 1318 finierunt
891 1291 901 1318 ε
929 1273 982 1319 ad
1000 1274 1116 1320 hanc
1143 1285 1285 1322 tamen
1311 1294 1422 1323 cau-

0 1365 2 1370 ·
52 1361 140 1389 sam
165 1343 269 1390 tales
294 1354 441 1399 erant,
469 1342 646 1406 quando
669 1342 722 1388 de
752 1342 825 1388 illa
857 1344 1084 1389 sententias
1107 1345 1386 1407 protulerunt
1408 1365 1420 1393 ε

52 1414 192 1460 nullas
210 1415 440 1460 nobiscum
455 1413 523 1459 vel
544 1412 772 1459 vobiscum
798 1413 1007 1459 amicitias
1027 1415 1304 1462 attenderunt
1317 1454 1328 1473 ‚
1357 1417 1425 1463 vel

53 1484 301 1531 inimicitias
338 1493 645 1537 exercuerunt3
680 1500 820 1546 neque
851 1483 978 1528 nobis
1006 1502 1145 1548 neque
1181 1487 1305 1532 vobis
1328 1487 1427 1533 irati

55 1566 181 1611 sunt,
208 1572 346 1618 neque
365 1571 442 1599 nos
462 1570 600 1616 neque
618 1569 691 1599 vos
717 1553 904 1598 miserati
940 1564 1052 1601 sunt.
1092 1555 1222 1611 Quod
1249 1556 1428 1603 invene-

60 1635 168 1689 runt
190 1625 235 1669 in
257 1624 471 1679 Ecclesia,
500 1632 761 1688 tenuerunt:
796 1623 916 1686 quod
955 1623 1230 1681 didicerunt,
1259 1625 1427 1673 docue-

57 1705 182 1749 runt3
203 1695 324 1759 quod
347 1713 370 1739 a
393 1695 592 1757 patribus
611 1705 895 1756 acceperunt,
917 1694 1004 1740 hoc
1018 1695 1117 1740 filiis
1136 1696 1423 1745 tradiderunt.

58 1766 265 1812 Nondum
285 1765 512 1812 vobiscum
535 1763 654 1827 apud
680 1764 782 1809 istos
798 1763 967 1823 judices
990 1764 1154 1828 aliquid
1177 1767 1427 1825 agebamus,

58 1847 100 1882 et
120 1836 237 1900 apud
257 1853 327 1881 eos
343 1846 439 1881 acta
460 1845 523 1880 est
545 1851 671 1879 causa
691 1844 848 1880 nostra.
881 1835 970 1880 Nec
983 1852 1061 1880 nos
1079 1852 1157 1880 nec
1173 1852 1248 1882 vos
1261 1836 1319 1882 eis
1339 1837 1432 1883 noti

58 1905 275 1952 fueramus
291 1942 303 1962 ,
323 1915 364 1951 et
384 1921 532 1951 eorum
552 1921 633 1967 pro
653 1904 779 1949 nobis
802 1903 908 1948 latas
928 1915 1079 1950 contra
1103 1922 1180 1951 vos
1200 1907 1431 1952 sententias

59 1977 302 2022 recitamus.
343 1975 550 2021 Nondum
577 1974 806 2021 vobiscum
842 1974 1115 2020 certabamus
1132 2012 1143 2031 ,
1173 1986 1215 2020 et
1238 1977 1295 2021 eis
1323 1993 1433 2039 pro-

60 2046 365 2092 nuntiantibus
387 2045 585 2092 vicimus.

124 2116 301 2162 XXXV.
344 2137 365 2157 «
392 2115 536 2170 Dicis,
576 2131 668 2171 me,
695 2115 729 2160 si
761 2114 841 2160 sub
867 2124 1081 2177 potestate
1110 2115 1314 2174 judicum
1335 2134 1435 2179 pre-

61 2203 198 2231 merer
221 2223 231 2242 ‚
284 2185 430 2248 quales
463 2185 545 2230 tibi
586 2185 678 2246 ipse
718 2184 944 2246 componis
969 2221 980 2239 ,
1039 2202 1126 2229 11011
1171 2185 1432 2231 habiturum

61 2255 190 2301 fuisse
205 2255 313 2318 quid
332 2254 517 2300 facerem
534 2291 545 2309 ,
571 2270 658 2316 quo
679 2253 952 2312 confugerem
968 2273 978 2305 ;
996 2270 1093 2298 cum
1116 2254 1199 2299 tuis
1213 2271 1439 2314 argumen-

63 2326 302 2371 tationibus
322 2323 438 2370 unde
463 2340 735 2369 occurrerem
767 2323 953 2385 reperire
974 2339 1060 2367 non
1085 2340 1269 2386 possem.
1298 2347 1318 2366 »
1342 2326 1436 2386 Ego

62 2395 190 2459 plane
209 2394 416 2440 haberem
437 2392 545 2457 quid
563 2392 746 2437 facerem
766 2429 776 2447 ‚
798 2392 1005 2437 haberem
1026 2409 1112 2455 quo
1128 2393 1403 2453 confugerem
1425 2413 1437 2441 ι

65 2482 89 2510 3
102 2464 343 2525 Pelagianis
356 2464 469 2509 enim
495 2463 678 2508 tenebris
697 2461 750 2506 ad
775 2462 870 2507 hoec
892 2472 977 2507 tam
993 2461 1207 2524 praeclara
1226 2463 1445 2510 catholica

64 2535 228 2581 lumina
263 2551 569 2597 provocarem3
594 2532 714 2596 quod
749 2543 791 2576 et
825 2549 942 2577 nunc
969 2537 1062 2591 jam
1092 2531 1219 2579 facio.
1251 2534 1318 2578 Tu
1341 2551 1441 2593 ergo

65 2605 278 2668 responde
298 2604 405 2668 quid
429 2604 560 2649 facias
579 2640 590 2658 ‚
613 2603 685 2648 dic
702 2620 790 2666 quo
810 2602 1051 2662 confugias,
1086 2603 1176 2662 Ego
1200 2620 1224 2648 a
1248 2603 1451 2662 Pelagia-

67 2675 132 2720 nis
159 2673 211 2720 ad
233 2675 334 2719 istos
358 2690 369 2718 ι
399 2683 448 2719 tu
472 2674 526 2718 ab
556 2672 648 2719 istis
677 2671 731 2718 ad
751 2676 893 2736 quos?
917 2693 936 2714 c<
959 2674 1025 2718 An
1058 2672 1160 2734 quia
1185 2687 1273 2717 non
1303 2686 1454 2718 nume-

234 2754 361 2791 tzxm.
1239 2750 1291 2787 22
