1843 3190
298 266 472 298 CONTRA
506 267 733 299 JULIANUM
769 264 1075 305 PELAGIANUM,
1113 267 1200 296 LIB.
1244 267 1303 297 IV.
1380 252 1472 315 247

103 331 216 378 rium
239 333 284 378 in
317 333 389 378 illa
410 333 689 378 continentiae
711 332 974 394 professione
1002 341 1142 394 potest
1165 348 1250 376 esse
1271 348 1360 376 non
1381 349 1478 376 ma·-

103 401 209 449 lum.
240 403 360 458 Quid
384 420 482 462 ergo
498 403 589 448 illic
609 402 719 461 agit,
750 402 827 446 ubi
852 401 1014 446 malum
1033 411 1094 445 est
1119 401 1340 463 quidquid
1366 402 1476 460 agit3

103 489 154 517 30
177 473 210 517 si
239 472 276 517 ei
312 473 615 526 consentiatur,
636 483 676 516 et
695 472 898 534 peragit?
922 471 1042 527 Quid
1062 471 1125 515 ibi
1146 471 1231 529 agit
1252 471 1349 516 haec
1369 488 1480 516 con—

102 542 369 604 cupiscentia
389 579 401 597 ,
430 542 506 587 ubi
525 541 638 586 nihil
659 542 767 586 boni
789 540 1118 603 concupiscitur
1146 557 1192 585 ex
1219 540 1322 586 illa?
1360 539 1481 596 Quid

100 611 163 656 ibi
183 616 271 671 agit
289 612 427 657 libido
442 648 453 667 ,
477 612 554 656 ubi
577 611 689 656 nihil
703 611 810 656 boni
826 611 984 655 libebit
1000 628 1047 655 ex
1063 610 1169 655 illa?
1191 611 1289 655 Non
1313 609 1480 672 impor-

101 691 202 726 tune
225 682 270 727 in
288 681 528 740 conjugatis
548 698 634 726 esse
652 681 826 726 dicatur
847 697 857 725 :
880 681 914 726 si
932 680 1046 725 enim
1066 697 1284 725 summum
1302 680 1481 725 culmen

96 750 299 796 obtinent
330 751 554 813 pudicitiae
586 750 826 810 conjugalis
844 786 855 806 ,
885 749 1052 795 faciunt
1073 746 1180 795 boni
1213 749 1378 812 aliquid
1403 766 1483 812 per

96 819 238 876 illam,
269 821 466 884 quamvis
500 820 612 865 nihil
649 820 813 865 faciant
848 831 1029 883 propter
1061 820 1196 866 illam.
1240 821 1293 864 In
1323 819 1482 864 sanetis

98 900 241 935 autem
273 890 514 949 virginibus
538 900 580 934 et
604 890 930 934 continentibus
959 889 1070 951 quid
1095 889 1184 947 agit
1202 888 1382 933 obsecro
1404 898 1446 933 te
1468 911 1480 944 3

96 959 205 1021 quid
231 960 316 1018 agit
346 970 419 1004 tua
452 961 531 1005 ista
561 970 782 1022 suscepta,
813 976 912 1004 cum
934 959 1118 1021 desipis3
1146 958 1415 1011 adversaria,
1444 958 1482 1003 si

95 1029 234 1091 sapis3
256 1029 363 1091 quid
383 1030 471 1087 agit
486 1065 496 1084 ‚
522 1030 598 1074 ubi
619 1029 732 1073 nihil
749 1030 855 1073 boni
879 1029 969 1087 agit
989 1030 1082 1090 ipsa
1097 1065 1108 1084 ‚
1128 1028 1241 1072 nihil
1265 1028 1370 1072 boni
1392 1028 1481 1086 agi-

97 1108 166 1142 tur
186 1097 238 1142 de
263 1099 388 1160 ipsa?
409 1097 528 1153 Quid
550 1098 638 1156 agit
658 1098 704 1142 in
726 1098 784 1142 eis
798 1133 810 1151 ‚
837 1098 882 1142 in
902 1097 1064 1160 quibus
1087 1096 1307 1159 quidquid
1323 1113 1477 1142 secun-

95 1168 201 1215 dum
226 1169 366 1231 ipsam
388 1168 730 1231 concupiscitur,
758 1167 921 1212 malum
948 1178 1011 1212 est
1027 1172 1043 1212 Ξ)
1065 1167 1184 1223 Quid
1208 1168 1295 1226 agit
1317 1167 1361 1211 in
1379 1167 1438 1211 eis
1457 1203 1469 1223 ,

94 1255 204 1301 quos
236 1248 389 1283 contra
425 1256 465 1283 se
499 1238 722 1301 compellit
760 1237 935 1297 vigilare
970 1248 1096 1300 atque
1130 1254 1351 1299 pugnare3
1379 1237 1477 1281 etsi

93 1308 271 1370 quando
301 1309 356 1353 ab
390 1308 448 1353 eis
484 1308 622 1353 ullum
656 1308 724 1354 vel
758 1308 803 1352 in
835 1308 994 1352 somnis
1024 1307 1196 1352 furatur
1234 1323 1477 1361 assensum,

95 1394 194 1422 cum
215 1377 529 1437 evigilaverint,
552 1395 717 1437 gemere
734 1388 776 1422 et
793 1378 906 1422 inter
924 1377 1108 1436 gemitus
1129 1377 1296 1433 dicere,
1324 1398 1344 1417 α
1360 1376 1480 1432 Quo-

94 1446 260 1491 »modo
294 1447 472 1510 impleta
506 1458 566 1493 est
606 1448 750 1492 anima
786 1464 879 1492 mea
925 1447 1202 1492 illusionibus
1225 1445 1330 1491 19»
1364 1445 1480 1500 Quia

94 1534 194 1563 cum
221 1516 382 1580 sopitos
413 1517 628 1563 deludunt
657 1517 822 1562 somnia
854 1517 1048 1572 sensus2‚
1084 1516 1226 1561 nescio
1249 1514 1477 1578 quomodo

90 1587 219 1632 etiam
240 1598 371 1631 castae
395 1587 550 1632 animae
579 1587 625 1632 in
655 1597 801 1648 turpes
824 1587 1034 1632 labuntur
1065 1602 1280 1638 assensus;
1312 1601 1412 1648 quae
1439 1580 1476 1630 si

89 1657 326 1719 imputaret
344 1656 609 1711 Altissimus,
640 1657 736 1718 quis
762 1657 924 1702 viveret
946 1659 1116 1701 castus?

105 1770 109 1778 ,
153 1726 211 1771 ΙΙ.
238 1726 332 1770 Hoc
355 1742 454 1784 ergo
491 1725 670 1780 malum,
705 1725 826 1788 quod
863 1742 952 1770 non
975 1725 1174 1770 dicturus
1198 1740 1242 1769 es
1281 1722 1471 1780 bonum,

87 1796 169 1841 nisi
199 1796 399 1841 adversus
421 1813 594 1841 0111110111
618 1796 811 1841 veritatis
835 1796 986 1841 tubam
1015 1797 1076 1841 sic
1099 1793 1399 1850 obsurdueris,
1427 1805 1476 1840 ut

90 1865 246 1910 clames
276 1865 442 1910 bonum
460 1882 546 1910 esse
577 1866 883 1928 concupiscere
905 1865 1068 1910 malum
1086 1902 1096 1920 ‚
1127 1864 1245 1927 quod
1260 1880 1339 1908 nec
1358 1863 1472 1910 inter

90 1934 241 1980 surdos
253 1934 394 1979 dicere
416 1934 619 1980 audebis:
638 1935 748 1990 hoc,
776 1935 955 1998 inquam
971 1971 983 1990 ,
1008 1934 1168 1979 1113111111
1183 1950 1264 1978 0111·
1288 1950 1376 1978 11011
1405 1949 1473 1978 ex-

90 2004 278 2066 tirpatur
308 2003 360 2048 de
383 2004 700 2049 continentium
718 2021 845 2049 carne
862 2006 1139 2050 sanctorum?
1171 2002 1262 2048 Gur
1290 2019 1378 2047 non
1408 2011 1474 2046 to-

90 2085 182 2119 tum
193 2091 321 2136 opere
332 2074 485 2119 mentis
499 2074 719 2120 aufertur?
748 2074 843 2119 Hoc
863 2075 979 2119 enim
997 2074 1107 2119 dicis
1127 2073 1220 2118 fieri
1246 2071 1446 2118 debuisse
1459 2107 1470 2128 ‚

87 2143 121 2188 si
146 2142 308 2187 malum
349 2153 467 2188 esset.
496 2144 552 2187 Et
589 2144 692 2205 quia
721 2160 810 2188 non
829 2143 878 2187 fit
908 2143 953 2187 in
981 2142 1242 2201 conjugatis,
1272 2140 1349 2186 ubi
1373 2143 1465 2198 ejus

88 2211 243 2257 modus
259 2221 319 2255 est
342 2211 620 2267 necessarius,
649 2211 746 2257 ideo
769 2223 897 2274 putas
915 2212 1083 2256 bonum
1107 2229 1118 2255 ε
1157 2227 1259 2256 011111
1284 2208 1434 2255 Videas
1451 2246 1465 2267 ,

88 2297 168 2327 nec
197 2280 259 2324 ibi
277 2280 366 2325 fieri
393 2280 470 2324 ubi
495 2280 650 2326 modus
676 2285 767 2340 ers
795 2280 943 2326 nullus
967 2291 1029 2326 est
1052 2281 1328 2334 necessarius,
1352 2289 1398 2323 et
1421 2278 1468 2323 in

89 2359 303 2412 quantum
341 2348 449 2393 inest
470 2359 614 2405 nocet,
653 2350 730 2394 etsi
751 2366 838 2394 non
879 2348 933 2393 ad
969 2348 1242 2411 perdendum
1267 2347 1319 2392 de
1355 2356 1468 2391 sorte

89 2428 355 2472 sanctorum,
376 2418 409 2462 si
432 2435 520 2463 non
542 2418 580 2463 ei
603 2419 910 2472 consentiatur,
939 2429 1083 2463 tamen
1110 2418 1166 2463 ad
1183 2417 1464 2463 minuendam

64 2486 66 2489 ’
89 2485 326 2547 spiritalem
349 2485 676 2532 delectationem
695 2498 946 2532 sanctarum
968 2487 1180 2533 mentium
1198 2507 1210 2541 ;
1235 2487 1356 2532 illam
1374 2485 1465 2530 sci-

137 2565 148 2589 1
170 2561 249 2599 Psal,
270 2575 396 2605 xxxvii,
411 2568 441 2600 8,
461 2585 505 2591 —
522 2566 538 2589 2
563 2568 733 2610 Virgilium
749 2567 876 2600 AEneid.
905 2578 958 2611 ιο,
981 2579 1050 2599 vers
1070 2570 1150 2605 642.
