1843 3190
338 287 399 344 48
748 297 782 327 5.
826 294 1069 327 AUGUSTINI
1103 294 1306 327 EPIseom

339 367 432 413 dest
449 403 460 422 ,
492 363 613 429 quod
639 361 841 409 adversus
865 361 1134 407 Manichaeos
1150 397 1161 415 ,
1190 361 1268 424 qui
1300 360 1476 423 nuptias
1499 378 1586 407 non
1619 361 1711 407 Deo

334 455 438 484 vero
463 447 505 482 et
538 436 655 480 bono
681 433 921 491 assignant,
962 431 1034 477 sed
1069 432 1262 495 principi
1295 432 1603 489 tenebrarum,
1642 432 1713 478 isti

337 507 480 554 verbis
496 523 609 551 verae
622 503 792 567 pietatis
811 503 1026 548 obsistunt
1045 540 1054 558 ‚
1077 502 1266 548 dicentes
1287 521 1297 548 :
1324 524 1342 545 ε(
1364 502 1480 559 Quia
1498 502 1712 548 Dominus

337 599 359 621 »
382 579 426 623 in
444 576 677 635 Evangelio
701 574 911 637 loquitur,
935 595 955 615 (ε
974 574 1063 630 Qui
1084 574 1186 620 fecit
1201 574 1255 620 ab
1273 574 1398 620 initio
1414 573 1653 620 masculum
1671 583 1714 619 et

339 670 360 690 »
381 647 606 693 foeminam
643 645 745 690 fecit
774 662 870 700 eos,
903 655 943 690 et
970 644 1104 690 dixit:
1133 645 1342 700 Crescite,
1375 655 1416 690 et
1448 644 1713 707 multipHca-

338 739 358 760 »
383 717 514 773 mini,
544 727 585 761 et
617 714 777 778 replete
806 725 978 761 terrani.
1014 714 1147 772 Quod
1181 732 1279 774 ergo
1306 715 1422 761 Deus
1457 714 1709 773 conjunxit,

337 809 358 830 ›>
379 788 512 833 homo
531 803 617 831 non
636 784 845 848 separet1.
876 806 896 825 >³
919 784 1039 841 Quid
1055 785 1112 830 eis
1134 785 1220 830 hoc
1238 784 1438 847 prodest,
1468 801 1546 847 per
1561 799 1713 830 verum

337 857 541 902 seducere
560 855 615 900 ad
639 854 828 899 falsum?
849 855 946 899 Hoc
960 855 1074 899 enim
1097 853 1278 909 dicunt,
1306 864 1354 899 ut
1379 854 1434 898 ab
1458 853 1576 898 omni
1605 869 1714 898 noxa

337 926 465 971 liberi
484 925 601 970 nasci
618 923 852 970 credantur
865 924 1048 969 infantes
1066 961 1077 980 ,
1103 941 1151 969 ac
1167 925 1228 969 sic
1245 941 1333 969 non
1351 923 1408 969 eis
1426 941 1537 987 opus
1553 923 1604 969 sit
1625 924 1714 968 Deo

336 995 608 1042 reconciliari
630 1012 708 1058 per
733 994 983 1051 Christum,
1007 1012 1096 1040 11011
1119 994 1387 1040 habentibus
1411 994 1550 1040 ullum
1577 993 1714 1053 origi-

337 1067 433 1113 nale
452 1076 711 1130 peccatum,
739 1075 919 1128 propter
936 1065 1056 1143 quod
1077 1064 1373 1110 leconciliatio
1397 1064 1631 1110 necessaria
1654 1074 1714 1109 est

337 1138 540 1183 omnibus
563 1154 641 1200 per
658 1152 794 1181 unum
814 1136 927 1199 ‚qui
942 1137 1029 1181 sine
1046 1147 1229 1199 peccato
1247 1154 1273 1182 v
1276 1135 1364 1181 enit
1391 1136 1437 1181 in
1462 1131 1709 1180 mundum:

337 1208 449 1253 sicut
472 1208 666 1254 omnium
687 1206 842 1252 factae
831 1206 1072 1252 inimicitiae
1092 1218 1192 1252 sunt
1212 1224 1290 1270 per
1307 1223 1470 1261 unum,
1491 1222 1570 1268 per
1586 1221 1714 1268 quem

336 1288 568 1341 peccatum
585 1277 764 1323 intravit
786 1277 831 1322 in
857 1277 1086 1324 mundum.
1114 1277 1246 1334 Quod
1268 1275 1483 1322 catholice
1503 1275 1712 1331 creditur,

336 1366 418 1412 pro
443 1348 647 1395 salvanda
672 1359 827 1393 natura
855 1348 1087 1394 hominum
1121 1348 1235 1394 salva
1259 1347 1389 1394 laude
1418 1346 1672 1409 nuptiarum
1699 1362 1710 1388 ε

337 1419 440 1482 quia
463 1420 717 1482 nuptiarum
737 1418 830 1464 laus
850 1429 911 1463 est
923 1422 1041 1477 justa
1057 1418 1279 1481 copulatio
1297 1434 1471 1463 sexuum
1488 1453 1499 1469 ‚
1526 1433 1614 1461 non
1635 1414 1716 1460 ini-

338 1505 424 1550 qua
438 1488 628 1533 defensio
643 1489 867 1534 vitiorum.
896 1489 950 1532 At
964 1505 1042 1550 per
1058 1488 1144 1532 hoc
1158 1504 1260 1532 cum
1277 1488 1347 1532 isti
1365 1485 1588 1531 laudando
1603 1501 1716 1547 nup-

335 1559 416 1603 tias
431 1596 440 1613 ,
466 1576 488 1603 3
510 1558 772 1604 Μ31116116615
789 1557 988 1602 homines
1009 1557 1062 1603 ad
1083 1575 1124 1603 se
1141 1558 1257 1620 ipsos
1275 1557 1427 1603 volunt
1456 1555 1682 1601 traducere
1701 1574 1712 1607 ;

336 1639 504 1675 mutare
517 1628 601 1674 illis
624 1629 827 1672 morbum
851 1627 1060 1689 cupiunt,
1083 1644 1171 1672 non
1190 1644 1351 1672 sanare.

396 1700 452 1744 X.
493 1700 659 1743 Rursus
683 1698 728 1742 in
750 1696 879 1742 laude
903 1696 1006 1755 legis
1027 1696 1136 1758 quid
1158 1696 1217 1741 eis
1233 1695 1411 1758 prodest
1430 1732 1439 1750 ,
1462 1692 1578 1757 quod
1604 1710 1715 1739 con-

338 1779 405 1813 tra
440 1768 710 1813 Manichaeos
740 1783 889 1813 verum
915 1765 1093 1821 dicunt,
1119 1766 1297 1829 quando
1328 1783 1377 1810 ex
1406 1765 1492 1810 hoc
1518 1763 1574 1823 ad
1605 1762 1715 1809 illud

336 1839 490 1886 volunt
509 1838 666 1884 ducere
684 1875 694 1894 ,
724 1837 845 1900 quod
862 1836 1020 1882 falsum
1043 1846 1193 1881 contra
1220 1835 1472 1881 Catholicos
1492 1834 1714 1879 sentiunt?

336 1910 501 1956 Dicunt
529 1909 644 1955 enim
673 1927 683 1954 ;
712 1930 731 1950 c<
761 1910 917 1967 Legem
945 1907 1074 1952 etiam
1098 1918 1283 1953 veterem
1309 1905 1548 1952 secundum
1571 1906 1715 1967 Apos-

336 1981 499 2033 tolum,
514 1984 676 2039 Justam
702 1990 743 2024 et
771 1989 963 2024 sanctam
988 1988 1029 2023 et
1052 1979 1213 2023 bonam
1234 1977 1465 2034 fatemur2,
1491 1992 1591 2039 quae
1614 1990 1715 2019 cus-

335 2050 606 2096 todientibus
625 2049 829 2095 mandata
851 2066 926 2094 sua
941 2085 950 2103 ,
982 2066 1031 2093 36
1054 2066 1132 2112 per
1159 2049 1288 2094 fidem
1306 2052 1419 2107 juste
1438 2045 1710 2099 viventibus,

334 2121 448 2166 sicut
464 2121 697 2183 Prophetis
716 2132 758 2165 et
779 2119 1062 2178 patriarchis>
1078 2120 1371 2181 omnibusque
1396 2116 1565 2162 Sanctis
1580 2115 1712 2160 vitam

335 2191 481 2253 potuit
503 2191 698 2236 conferre
724 2200 999 2252 perpetuam.
1029 2211 1049 2230 »
1075 2190 1249 2245 Quibus
1268 2188 1413 2235 verbis
1439 2185 1714 2233 callidissime

336 2262 488 2323 positis
506 2261 640 2321 legem
662 2272 811 2306 contra
830 2260 1010 2320 gratiam
1027 2260 1224 2306 laudant.
1249 2261 1397 2322 Neque
1415 2257 1529 2304 enim
1542 2254 1710 2311 lexilla,

338 2331 535 2392 quamvis
557 2334 672 2390 justa
692 2340 731 2374 ct
754 2341 899 2376 sancta
916 2341 956 2374 et
970 2330 1084 2375 bona
1099 2367 1109 2385 ,
1135 2330 1337 2374 omnibus
1355 2329 1438 2374 illis
1458 2325 1714 2373 hominibus

338 2400 421 2445 Dei
441 2437 451 2456 ,
479 2400 552 2445 sed
577 2401 680 2445 fides
696 2418 794 2464 qua}
817 2402 861 2445 111
887 2401 1062 2446 Christo
1087 2411 1145 2445 cst
1163 2438 1173 2456 ,
1196 2402 1328 2446 vitam
1356 2398 1500 2463 potuit
1521 2396 1714 2443 conferre

333 2481 607 2533 perpetuam.
653 2471 761 2515 Haec
785 2471 899 2515 enim
934 2470 1040 2516 fides
1064 2488 1141 2533 per
1181 2470 1459 2515 dilectionem
1484 2476 1709 2530 operatur,

337 2555 425 2584 11011
448 2539 686 2583 secundum
714 2539 902 2584 litteram
929 2557 1027 2601 quae
1047 2539 1237 2597 occidit,
1268 2539 1341 2586 sed
1365 2536 1605 2585 secundum
1629 2535 1711 2598 spi-

386 2620 531 2654 ¹Mauh.
555 2628 730 2662 x1x‚4.-
745 2620 759 2644 ‘²
780 2624 873 2655 Rom.
897 2632 1030 2664 x·1x,12.
