1843 3190
364 320 492 350 maiza
530 321 584 349 DE
621 320 784 350 GnAriA
821 320 872 350 ET
908 321 1068 351 ruffino
1105 321 1334 355 Aassrrmo.
1441 313 1533 360 505

170 381 265 444 ipso
283 393 373 427 erat
397 392 549 428 contra
575 393 741 445 patrem
766 386 878 442 ejus,
905 394 1054 429 contra
1074 401 1201 448 quem
1230 387 1536 448 rebellaverat,

173 463 221 497 ut
241 463 384 515 posset
403 469 500 498 eum
527 453 774 515 opprimere
789 490 800 508 ‚
824 453 903 498 nisi
935 454 1147 500 Dominus
1165 457 1392 502 consilium
1416 458 1539 505 dissi-

173 532 314 584 passet
331 522 447 585 quod
469 522 647 567 dederat
674 522 939 585 Achitophel
955 560 966 579 ‚
991 525 1154 583 agendo
1178 525 1223 570 in
1246 527 1376 571 corde
1401 529 1540 575 Abes—

176 591 317 646 salon,
336 603 384 636 ut
398 592 480 636 tale
501 593 728 638 consilium
746 593 995 656 repudiaret
1015 630 1026 648 ‚
1054 605 1096 639 et
1118 595 1236 641 aliud
1255 596 1372 659 quod
1395 598 1432 642 ei
1452 617 1540 645 non

174 661 430 725 expediebat
452 662 636 721 eligeret.

238 732 379 777 XLII.
422 731 531 786 Quis
548 748 632 776 non
650 732 727 776 ista
742 731 909 789 judicia
927 731 1074 777 divina
1095 737 1423 791 contremiscat,
1443 739 1539 800 qui-

170 801 254 846 bus
265 801 352 860 agit
376 801 546 845 Deusin
557 801 764 846 cordibus
787 802 914 846 etiam
930 802 1140 847 malorum
1160 804 1387 851 hominum
1405 807 1540 870 quid-

170 871 278 934 quid
305 871 422 925 vult,
454 871 637 916 reddens
659 872 718 916 eis
747 882 886 916 tamen
917 872 1155 917 secundum
1186 876 1335 920 merita
1363 880 1538 923 eorum?

170 941 372 986 Roboam
403 941 517 985 filius
558 941 797 986 Salomonis
834 942 998 1004 respuit
1023 943 1247 988 consilium
1281 945 1451 991 salubre
1475 963 1536 992 se-

169 1011 347 1056 niorum
366 1047 377 1064 ,
402 1010 521 1074 quod
545 1011 582 1055 ei
599 1010 805 1056 dederant
825 1048 835 1066 ,
862 1029 914 1056 ne
932 1028 1031 1056 cum
1058 1013 1224 1075 populo
1247 1014 1353 1060 dure
1368 1027 1535 1074 ageret,

170 1091 212 1125 et
245 1081 386 1125 verbis
416 1098 664 1126 coaevorum
698 1098 873 1126 suorum
904 1083 1048 1144 potius
1083 1083 1325 1145 acquievit,
1365 1101 1541 1147 respon-

171 1149 315 1194 dendo
341 1150 566 1195 minaciter
589 1151 751 1213 quibus
773 1150 925 1196 leniter
948 1151 1099 1196 debuit
1113 1151 1145 1198 1.
1174 1152 1297 1198 Unde
1325 1154 1411 1200 hoc
1429 1191 1438 1209 ,
1459 1155 1542 1201 nisi

169 1221 349 1283 propria
365 1221 613 1266 voluntate?
644 1220 727 1266 Sed
748 1221 853 1265 hinc
869 1222 924 1266 ab
947 1238 995 1266 eo
1014 1233 1277 1267 recesserunt
1297 1223 1443 1268 decem
1460 1225 1542 1269 tri-

170 1291 254 1334 bus
276 1291 409 1335 Israel
428 1327 437 1345 ,
467 1303 508 1335 et
522 1290 656 1336 alium
676 1307 815 1349 regem
835 1291 916 1335 sibi
938 1292 1255 1337 constituerunt
1278 1294 1505 1339 Jeroboam
1524 1331 1536 1351 ,

171 1370 221 1405 ut
256 1359 355 1404 irati
392 1361 471 1405 Dei
504 1360 702 1405 voluntas
738 1362 886 1414 fieret,
912 1361 1031 1424 quod
1068 1361 1193 1406 etiam
1227 1361 1425 1408 futurum
1455 1380 1540 1409 esse

171 1429 443 1492 praedixerat.
475 1430 594 1485 Quid
619 1431 733 1475 enim
758 1431 984 1493 Scriptura
1007 1431 1140 1476 dicit‘?
1157 1453 1175 1471 «
1193 1434 1246 1477 Et
1272 1450 1357 1477 non
1374 1433 1542 1479 audivit

174 1521 194 1541 »
217 1517 286 1544 rex
307 1500 481 1562 plebem
500 1537 510 1554 ,
532 1500 739 1563 quoniam
756 1510 844 1545 erat
865 1501 1084 1545 conversio
1110 1519 1131 1544 a
1152 1502 1338 1546 Domino
1353 1539 1363 1557 ,
1389 1513 1436 1547 ut
1459 1513 1538 1547 εἰει-

173 1592 194 1611 »
220 1580 354 1614 tueret
379 1571 560 1615 verbum
585 1587 710 1615 suum
735 1570 854 1633 quod
880 1570 1049 1615 locutus
1074 1581 1135 1615 est
1156 1572 1201 1616 in
1233 1589 1366 1616 manu
1392 1572 1543 1617 Achiae

174 1662 194 1683 »
219 1640 423 1686 Selonitae
447 1641 499 1686 de
522 1641 751 1686 Jeroboam
771 1640 861 1685 filio
887 1641 1064 1685 Nabath
1080 1641 1112 1687 2.
1142 1664 1160 1682 »
1185 1643 1350 1704 Nempe
1368 1643 1428 1687 sic
1447 1642 1542 1687 fac-

174 1722 266 1756 tum
287 1721 349 1756 est
362 1711 471 1757 illud
492 1729 570 1774 per
584 1711 772 1755 hominis
791 1711 1054 1756 voluntatem
1069 1748 1079 1766 ,
1099 1721 1145 1755 ut
1161 1722 1302 1756 tamen
1322 1712 1542 1757 conversio

173 1791 278 1827 esset
308 1799 331 1826 a
368 1783 568 1827 Domino.
603 1781 748 1840 Legite
775 1781 911 1826 libros
935 1781 1321 1843 Paralipomenon,
1346 1792 1387 1826 et
1420 1782 1543 1827 inve-

174 1851 352 1896 nietisin
372 1851 688 1896 secundolibro
709 1851 921 1912 scriptum
944 1868 953 1894 :
978 1872 997 1891 «
1023 1851 1073 1894 Et
1087 1851 1309 1895 suscitavit
1335 1851 1542 1895 Dominus

175 1943 196 1963 »
220 1938 348 1984 super
366 1922 514 1965 Joram
530 1921 730 1983 spiritum
749 1920 982 1964 Philistiim
995 1929 1037 1963 et
1059 1919 1250 1964 Arabum
1268 1920 1342 1981 qui
1367 1919 1541 1964 finitimi

176 2013 198 2033 »
222 2001 343 2036 erant
366 1991 644 2053 AEthiopibus
660 2026 670 2045 ‚
699 2000 741 2035 et
769 1988 1052 2035 ascenderunt
1076 1990 1118 2033 in
1147 1998 1301 2032 terram
1332 1988 1445 2033 Juda
1461 2025 1472 2044 ,
1502 1998 1543 2033 et

177 2084 198 2104 n
222 2061 541 2124 dissipaverunt
567 2078 658 2105 eam
674 2098 683 2115 ‚
712 2070 752 2105 ct
789 2069 999 2122 ceperunt
1022 2075 1192 2103 omnem
1228 2057 1512 2102 substantiam
1530 2093 1541 2113 ‚

180 2154 199 2173 ›>
221 2148 321 2194 quae
335 2131 378 2175 in
394 2130 524 2175 domo
537 2130 644 2189 regis
662 2131 837 2175 inventa
852 2139 913 2173 est
926 2128 958 2174 3.
987 2150 1006 2168 »
1021 2128 1104 2172 Hic.
1121 2126 1378 2183 ostenditur,
1405 2129 1545 2173 Deum

178 2203 382 2248 suscitare
410 2201 552 2246 hostes
574 2201 632 2245 eis
654 2200 775 2244 terris
801 2198 1015 2244 vastandis
1034 2234 1044 2252 ‚
1079 2214 1186 2260 quas
1214 2198 1289 2242 tali
1316 2214 1449 2260 poena
1467 2201 1545 2256 ju-

179 2272 297 2318 dicat
327 2272 493 2331 dignas
537 2270 759 2334 Numquid
794 2280 937 2313 tamen
970 2267 1205 2312 Philistiim
1239 2277 1280 2312 et
1311 2267 1472 2312 Arabes
1500 2267 1546 2312 in

181 2354 338 2388 terram
354 2342 548 2387 Judaeam
569 2339 862 2403 dissipandam
882 2339 970 2383 sine
989 2354 1063 2382 sua
1080 2337 1300 2382 voluntate
1318 2348 1544 2390 venerunt,

182 2424 256 2460 aut
286 2413 347 2458 sic
374 2421 583 2457 venerunt
605 2427 679 2457 sua
703 2410 926 2455 voluntate
945 2445 955 2463 ‚
985 2418 1033 2452 ut
1051 2407 1316 2452 mendaciter
1340 2407 1551 2469 scriptum

182 2484 256 2536 sit,
280 2483 401 2546 quod
439 2482 650 2528 Dominus
682 2480 736 2526 ad
771 2480 856 2526 hoc
887 2477 1135 2524 faciendum
1167 2494 1316 2523 eorum
1347 2477 1546 2540 spiritum

183 2553 430 2600 suscitavit?
453 2554 547 2597 lmo
567 2563 799 2616 utrumque
820 2566 969 2596 verum
992 2558 1075 2604 est,
1103 2547 1205 2612 quia
1231 2557 1274 2592 et
1297 2563 1372 2592 sua
1391 2546 1549 2593 volun-

233 2638 243 2659 ¹
267 2639 284 2668 3
303 2639 379 2679 Reg.
395 2647 456 2674 ιιι,
476 2636 492 2665 8
512 2641 544 2667 et
560 2641 669 2672 14.—-
687 2633 799 2666 21bid.
816 2635 867 2665 15.
886 2652 926 2658 —
942 2630 956 2655 3
972 2644 989 2664 2
1009 2631 1111 2665 Par-al.
1136 2638 1203 2667 xxv,
1224 2630 1274 2660 16.
