1843 3190
331 330 393 374 90
754 315 789 359 s.
832 306 1079 359 Aucus'rim
1113 315 1318 357 ammom

335 392 471 459 gratia
507 399 633 438 nemo
669 392 959 457 pro-hibetur3
995 397 1159 457 quanto
1194 392 1327 452 magis
1362 378 1592 455 prohiberi
1616 395 1706 453 non

337 462 466 508 debet
489 463 629 509 infans
648 501 658 518 ,
685 464 760 527 qui
786 481 931 509 recens
950 466 1075 509 natus
1095 463 1206 509 nihil
1233 463 1460 526 peccavit,
1485 462 1567 507 nisi
1582 462 1707 525 ¹quod

331 533 574 579 secundum
597 532 736 579 Adam
752 534 982 579 carnaliter
1005 544 1132 579 natus
1150 571 1160 589 ‚
1190 533 1438 593 contagiUm
1459 531 1609 578 mortis
1635 551 1707 578 an-

336 603 471 665 tiquae
492 603 634 666 prima
654 603 879 650 nativitate
902 606 1129 652 contraxit.
1163 603 1252 661 Qui
1279 603 1334 649 ad
1358 603 1574 667 remissam
1599 612 1708 669 pec-

339 683 531 717 catorum
563 672 862 736 accipiendam
884 674 972 719 hoc
989 675 1084 736 iPso
1103 674 1272 720 facilins
1289 670 1455 720 accedit
1471 711 1481 729 ‚
1504 672 1625 736 quod
1644 671 1709 718 illi

337 742 636 807 remittuntur,
663 760 750 788 non
769 744 971 807 propria,
993 744 1066 789 sed
1086 742 1220 789 aliena
1235 745 1433 807 Peccata.
1460 765 1480 783 ›>

404 810 501 858 VII.
539 812 756 857 Reticium
799 812 854 858 ab
894 814 1214 881 ⁸Augustoduno
1250 814 1506 876 episcopum
1541 829 1710 875 magnae

335 878 464 924 fuisse
501 882 768 947 auctoritatis
803 884 848 926 in
886 883 1074 927 Ecclesia
1100 890 1293 946 temPore
1316 884 1592 945 episcopatus
1616 881 1708 937 sui,

339 959 452 1008 gesta
476 950 549 995 illa
579 951 864 997 ecclesiastica
895 952 1021 997 nobis
1051 952 1277 1008 indicant,
1316 952 1492 1015 quando
1524 952 1569 997 in
1604 939 1714 997 urbe*

337 1014 479 1065 Roma
517 1013 762 1067 Melchiade
786 1022 1035 1085 apostolicae
1065 1023 1173 1068 sedis
1197 1023 1405 1086 episcopo
1427 1021 1709 1085 praesidente,

339 1106 439 1135 cum
478 1090 568 1136 aliis
598 1089 730 1151 J'uclex
758 1093 977 1149 interfuit,
1015 1095 1323 1155 Donatumque
1355 1092 1602 1147 damnavit,
1637 1091 1715 1154 qui

338 1161 460 1222 prior
478 1166 628 1206 auctor
649 1162 970 1224 Donatistaruln
987 1162 1227 1208 schismatis
1242 1163 1325 1207 fuit
1341 1200 1349 1217 ,
1368 1173 1409 1207 et
1429 1156 1716 1207 Caecilianum

340 1231 594 1294 episcopum
623 1220 830 1278 Ecclesiae
851 1224 1218 1293 Carthaginiensis
1241 1233 1441 1278 absolvit.
1474 1233 1513 1276 ls
1542 1248 1642 1276 cum
1662 1216 1716 1276 de'

336 1299 557 1363 baptismo
583 1314 751 1361 ageret,
776 1303 834 1365 ita
859 1303 1029 1349 locutus
1060 1314 1121 1348 est
1143 1323 1151 1349 ε
1179 1325 1198 1344 (ι
1226 1294 1350 1347 Hanc
1384 1302 1517 1361 igitur
1544 1298 1716 1364 princi-

338 1370 480 1431 palem
506 1389 591 1417 esse
614 1373 659 1418 in
678 1363 869 1418 Ecclesia
886 1373 1205 1433 indulgentiam
1221 1410 1232 1428 ‚
1252 1373 1467 1417 neminem
1491 1370 1712 1433 praeterit,

337 1440 383 1484 in
407 1457 493 1502 qua
515 1443 682 1504 antiqui
706 1443 898 1488 criminis
923 1461 1050 1488 omne
1073 1442 1247 1506 pondus
1272 1441 1549 1505 exPonimus,
1579 1451 1620 1485 et
1641 1440 1711 1499 ig-

338 1511 550 1555 norantiae
573 1522 731 1557 nostrae
749 1512 943 1558 facinora
963 1516 1105 1576 prisca
1128 1508 1342 1567 delemus,
1367 1511 1445 1557 ubi
1464 1520 1505 1556 et
1527 1520 1713 1569 veterem

338 1579 561 1625 hominem
586 1599 687 1627 cum
715 1583 913 1642 ingenitis
936 1583 1169 1629 sceleribus
1192 1584 1399 1628 exuimus.
1425 1604 1445 1624 >³
1472 1580 1606 1628 Audis
1632 1598 1713 1626 an-

338 1649 450 1711 tiqui
469 1651 661 1696 criminis
679 1649 851 1715 pondus
869 1689 878 1705 ‚
908 1653 1030 1698 audis
1055 1654 1198 1716 prisca
1218 1653 1412 1699 facinora
1432 1689 1441 1708 ‚
1471 1645 1593 1698 audis
1613 1657 1712 1696 cum

337 1719 571 1765 sceleribus
586 1721 784 1781 ingenitis
804 1719 1028 1768 hominem
1045 1734 1229 1768 veterem
1255 1741 1264 1767 :
1290 1714 1333 1768 et
1354 1719 1484 1768 audes
1512 1721 1716 1767 adversus

338 1787 436 1834 haec
458 1791 675 1836 ruinosam
701 1804 947 1839 construere
968 1794 1239 1838 novitatem?

406 1860 530 1922 VIII.
573 1861 808 1925 Olympius
845 1855 1067 1926 Hispanus
1099 1863 1358 1926 ePiscopus,
1393 1862 1460 1908 vir
1483 1865 1652 1921 magnae
1671 1861 1717 1906 in

342 1923 535 1975 Ecclesia
558 1942 599 1976 et
619 1931 664 1977 in
686 1933 862 1978 Christo
884 1932 1056 1993 gloriae,
1076 1933 1122 1978 in
1148 1933 1340 1996 quodam
1366 1937 1563 1978 sermone
1582 1930 1716 1976 eccle-

343 2000 512 2045 siastico
537 2019 546 2045 :
568 2023 587 2043 «
606 2003 651 2048 Si
672 2003 776 2048 fides
794 2040 803 2058 ‚
831 2004 998 2067 inquit,
1028 2020 1222 2066 unquam
1245 2003 1291 2048 in
1316 2002 1437 2047 terris
1460 2001 1718 2064 incorrupm

340 2071 586 2127 mansisset,
608 2089 658 2116 ac
677 2072 852 2132 vestigia
882 2072 1020 2118 defixa
1041 2073 1270 2129 tenuisset,
1295 2080 1394 2135 quae
1413 2072 1577 2131 signata
1602 2069 1718 2115 dese-

340 2142 430 2187 ruit
448 2179 458 2197 ,
498 2158 723 2205 nunquam
757 2144 1017 2207 protoplasti
1054 2143 1274 2189 mortifera
1298 2142 1631 2202 transgressione
1658 2140 1718 2185 vi-

341 2211 452 2255 tium
487 2212 705 2277 sparsisset
731 2213 777 2258 in
806 2214 1020 2273 germine,
1050 2225 1098 2259 ut
1132 2216 1364 2276 Peccatum
1398 2215 1499 2258 cum
1540 2200 1718 2255 homine

340 2291 601 2327 nasceretur.
633 2303 653 2323 n
679 2283 902 2328 Habes-ne
936 2283 1100 2346 aliquid
1118 2320 1129 2339 ,
1155 2282 1275 2346 quod
1300 2278 1502 2327 adversus
1524 2297 1601 2325 nos
1634 2279 1718 2324 tibi

343 2348 484 2395 dicere
509 2350 715 2407 videaris,
733 2352 852 2414 quod
874 2370 961 2398 non
976 2355 1115 2415 *etiam
1132 2353 1176 2397 in
1197 2353 1327 2397 istu'm
1351 2351 1493 2396 dicere
1517 2342 1718 2412 compel-

342 2415 444 2467 laris
460 2458 471 2477 ‚
501 2412 569 2467 vel
589 2422 735 2484 potius
756 2423 801 2467 in
815 2420 944 2469 istos?
965 2423 1059 2468 Una
1077 2433 1137 2467 est
1151 2422 1265 2467 enim
1285 2421 1481 2466 omnium
1498 2420 1720 2465 catholica

343 2491 450 2536 fides
465 2528 476 2547 ,
501 2491 577 2554 qui
600 2508 677 2554 per
693 2508 829 2537 unum
844 2492 1066 2538 hominem
1086 2501 1316 2555 peccatum
1330 2492 1508 2537 intrasse
1527 2490 1572 2535 in
1586 2493 1720 2534 mun-

337 2560 494 2618 dum&
519 2562 566 2607 in
588 2574 676 2625 quo
711 2579 858 2610 omnes
881 2564 1177 2627 peccaverunt
1197 2600 1208 2620 ‚
1236 2579 1324 2609 uno
1350 2561 1481 2609 corde
1505 2560 1715 2618 credunt,

389 2643 402 2683 ,¹
421 2646 516 2691 Rom3
531 2654 562 2689 v,¹
591 2655 642 2676 12.
