1843 3190
295 268 390 317 318
705 284 740 314 s.
782 281 1027 313 mensum
1060 280 1265 312 muscum

295 348 375 413 qui
390 348 534 396 'sciunt
550 347 770 408 judicium
786 346 994 394 reveritus
1012 352 1101 393 non
1118 347 1186 393 sis.
1208 344 1293 392 Sed
1309 344 1581 392 commodius
1597 361 1668 390 ac-

296 419 429 476 cidit,
475 429 525 464 ut
562 419 657 482 ipsa
690 418 957 482 perizomata
990 434 1091 481 quae
1126 417 1329 477 leguntur
1361 416 1408 462 in
1441 415 1669 461 codicibus

295 489 447 549 graecis
462 525 474 545 ‚
502 499 711 552 tanquam
737 488 922 535 verbum
944 494 1033 533 suae
1055 487 1218 547 linguae
1241 504 1334 533 mos
1356 486 1671 532 latinususur-

296 568 387 622 pet.
429 557 620 606 Proinde
653 566 754 604 cum
797 558 1059 622 perizomate
1095 574 1185 603 non
1215 558 1403 613 femora,
1440 556 1514 602 sed
1538 555 1673 601 latera

297 629 468 689 contegi
492 628 682 692 potuisse
707 630 980 683 asseverasti;
1008 638 1117 691 puto
1140 628 1260 691 quod
1284 639 1327 673 te
1344 627 1475 673 etiam
1499 627 1591 689 ipse
1610 625 1674 671 ri-

297 699 399 745 sisti.
428 699 537 756 Quis
562 700 675 744 enim
704 698 858 745 doctus
882 699 950 748 vel
975 698 1178 744 indoctus
1202 699 1372 758 ignoret
1389 736 1400 754 ,
1427 714 1534 760 quas
1553 696 1673 760 peri-

295 780 469 815 zomata
493 779 726 828 contegant
747 770 942 832 corporis
960 772 1132 832 partes)
1155 768 1275 831 quod
1294 785 1453 813 nomen
1478 765 1676 826 tegminis

297 840 426 885 etiam
445 839 491 884 in
506 838 785 885 foeminarum
805 839 984 884 dotibus
997 838 1264 902 frequentari
1278 849 1319 884 et
1331 837 1534 884 aestimari
1551 835 1675 902 solet,

298 921 436 972 neque
458 907 504 955 id
527 909 695 971 alligari
716 909 799 954 nisi
821 926 928 955 zona
953 915 1052 972 quae
1070 909 1244 954 lumbos
1262 909 1408 968 cingit.
1436 907 1676 967 Interroga,

298 991 341 1025 et
364 980 504 1037 disce,
543 978 665 1043 quod
700 990 742 1025 te
768 994 858 1026 non
895 980 1024 1026 credo
1049 981 1225 1027 nescire.
1268 979 1480 1036 Quamvis
1513 976 1682 1024 etiarnsi

298 1050 484 1107 nesciam,
510 1060 600 1095 non
627 1060 763 1114 usque
785 1051 891 1096 adeo
912 1061 953 1096 te
969 1051 1175 1106 arbitror,
1202 1060 1292 1095 non
1313 1049 1562 1095 humanum
1585 1046 1680 1094 elo-

299 1120 479 1183 quium,
503 1119 576 1165 sed
599 1120 843 1166 humanum
866 1121 1072 1166 habitum
1096 1120 1205 1166 velle
1228 1129 1472 1183 pervertere
1493 1157 1503 1175 ,
1527 1116 1575 1184 ut
1598 1122 1680 1182 pe·-

298 1191 504 1235 rizomata
531 1190 660 1236 etiam
684 1204 814 1254 super
838 1191 1044 1236 humeros
1065 1191 1207 1237 levare
1230 1191 1419 1248 coneris;
1442 1200 1516 1235 aut
1539 1189 1599 1235 eis
1620 1188 1681 1234 ita

301 1259 437 1305 latera
454 1259 631 1305 illorum
646 1260 878 1306 hominum
895 1261 1023 1307 fuisse
1039 1268 1236 1307 contecta
1251 1298 1262 1317 ,
1280 1264 1329 1307 ut
1343 1260 1544 1321 genitalia
1557 1259 1682 1305 totae-

300 1344 386 1392 que
395 1328 649 1375 lumborum
659 1341 761 1376 cu'm
773 1329 959 1376 femorib
965 1348 1012 1376 us
1022 1342 1166 1395 partes
1175 1331 1308 1377 nudae
1320 1322 1680 1394 relinquerentur.

302 1398 423 1456 Quid
438 1415 538 1459 ergo
550 1410 591 1445 te
606 1399 784 1460 adjuvat
795 1438 806 1457 ,
824 1411 866 1446 et
878 1417 964 1446 non
983 1411 1050 1446 me
1065 1401 1211 1464 potius
1226 1438 1237 1457 ‚
1254 1418 1301 1446 ex
1314 1400 1544 1464 quantavis
1559 1403 1685 1463 pa‘r'te

302 1469 496 1532 corporis
512 1471 731 1533 superiore
749 1471 953 1517 inferiora
963 1471 1104 1517 velata
1116 1471 1201 1516 sint
1213 1508 1224 1528 ‚
1242 1471 1321 1517 ubi
1337 1471 1401 1517 lex
1419 1471 1464 1516 in
1478 1469 1684 1515 membris

297 1557 545 1603 repugnans
566 1541 650 1601 legi
674 1542 829 1587 mentis
849 1543 1010 1588 affectu
1040 1543 1304 1588 sentiebatur
1338 1539 1619 1597 amborum13
1641 1542 1683 1585 et

302 1609 468 1655 alterno
499 1611 773 1657 excitabatur
810 1623 986 1675 aspectu
1005 1650 1016 1668 ‚
1042 1612 1390 1658 inobedientium
1420 1611 1683 1675 pravitatem

302 1696 392 1725 suae
407 1680 718 1727 inobedientiae
739 1683 932 1728 novitate
953 1682 1254 1729 confundens?
1279 1683 1392 1740 Quae
1410 1691 1576 1746 quanto
1593 1691 1683 1726 tur-

302 1748 526 1795 bulentius
551 1751 825 1808 movebatur,
864 1763 987 1799 tanto
1020 1753 1311 1801 verecundius
1348 1754 1498 1807 fieret3
1525 1752 1560 1798 si
1582 1758 1682 1797 caro

305 1823 431 1878 cujus
450 1835 544 1866 eam
567 1821 821 1868 stimulabat
845 1834 1046 1886 aspectus
1063 1861 1074 1881 ‚
1102 1824 1326 1888 aliquanto
1357 1823 1586 1888 spatiosius
1604 1827 1684 1868 ve—

306 1888 481 1937 laretur.
507 1890 607 1937 Sive
623 1891 755 1952 igitur
769 1910 791 1938 a
807 1893 970 1939 lumbis
982 1932 992 1951 ‚
1017 1894 1104 1941 sive
1124 1912 1148 1940 a
1170 1895 1380 1940 lateribus
1399 1894 1581 1940 demissa
1599 1892 1685 1938 siut

309 1960 525 2019 tegmina3
549 1961 759 2024 pudenda
783 1974 883 2009 sunt
903 1974 1015 2010 tecta
1033 2001 1044 2021 ‚
1068 1981 1168 2027 quae
1184 1964 1388 2027 pudenda
1401 1981 1489 2010 non
1516 1964 1680 2015 essent3

307 2031 390 2076 nisi
411 2031 494 2091 legi
525 2033 680 2078 mentis
705 2033 770 2078 lex
800 2035 969 2097 peccati
999 2035 1146 2081 invide
1170 2046 1446 2098 repugnaret.
1488 2033 1573 2080 Sed
1606 2031 1685 2078 ubi

308 2102 534 2149 manifesta
558 2120 623 2149 res
647 2115 730 2160 est,
759 2105 1001 2169 Scripturae
1033 2106 1194 2152 divinae
1214 2107 1355 2153 sensui
1374 2116 1571 2152 nostrum
1591 2110 1684 2150 sen'-

310 2188 406 2217 sum
427 2172 582 2219 addere
604 2191 694 2220 non·
717 2174 926 2222 debemus
949 2195 959 2221 :
982 2193 1070 2222 non
1089 2177 1201 2223 enim
1226 2177 1312 2223 hoc
1333 2178 1383 2223 fit
1398 2177 1595 2222 humana*
1614 2174 1684 2234 ig-

309 2242 532 2298 norantia,
561 2243 635 2288 sed
668 2247 1012 2309 praesumptione
1044 2264 1256 2310 perversa⁵
1297 2246 1438 2293 Adam
1467 2256 1508 2292 et
1529 2244 1685 2290 mulier

307 2314 398 2370 ejus
415 2347 427 2367 ,
457 2312 533 2374 qui
555 2313 663 2358 nudi
689 2326 812 2360 erant
843 2326 938 2361 ante
968 2318 1245 2380 peccatum2,
1266 2328 1307 2361 et
1330 2330 1418 2362 non
1438 2314 1684 2361 confunde-

307 2380 490 2437 bantur,
515 2398 613 2427 mox
633 2394 681 2428 ut
705 2397 1020 2446 peccaverunt,
1047 2402 1154 2450 quas
1178 2397 1319 2448 partes
1347 2385 1540 2448 corporis
1569 2386 1682 2431 ami—

309 2450 462 2496 cierint
479 2487 490 2506 ‚
516 2452 830 2514 perizomatum
855 2457 1030 2501 nomine
1061 2456 1161 2501 satis
1199 2455 1417 2502 evidenter
1438 2459 1682 2519 expressum

308 2531 384 2567 est.
410 2519 618 2567 Videmus
634 2523 743 2585 quid
762 2526 940 2570 texerint
964 2543 976 2570 t
1000 2526 1148 2572 nimiae
1164 2526 1426 2590 insipientiae
1451 2534 1514 2572 est
1534 2524 1683 2571 adhuc

357 2601 369 2625 ¹
386 2605 481 2635 Rom.
497 2613 558 2645 vir,
577 2605 632 2637 23.
646 2620 692 2629 —-
704 2603 719 2627 2
732 2608 816 2640 Gen.
834 2618 875 2646 11,
895 2608 953 2640 25.
1127 2605 1129 2607 ’
