1843 3190
264 331 438 362 CONTRA
473 330 698 362 JULIANUM
734 328 1040 370 PELAGIANUM,
1079 331 1170 362 Lm.
1212 332 1273 362 1v.
1348 315 1440 364 353

72 399 213 444 buant
231 397 443 442 honorem
460 395 497 452 4,
524 394 646 441 velut
669 394 974 440 cohaeredibus
1003 395 1176 453 gratiae3
1207 395 1444 456 adJ'ungens

73 478 118 513 et
133 467 280 513 dicens
297 485 308 511 ι
325 488 345 509 ε(
365 468 421 512 Et
437 465 580 512 videte
596 482 648 510 ne
665 464 964 528 impediantur
977 471 1187 510 orationes
1207 477 1360 512 vestrae
1373 469 1406 514 2.
1425 490 1447 509 n

77 538 201 583 Sicut
217 548 260 582 et
279 535 554 600 coapostolus
576 539 667 595 ejus
680 546 875 598 tempora
893 535 1141 598 praescribit
1163 537 1315 583 orandi
1336 549 1449 584 tem-

76 609 286 671 perantiae
303 607 550 668 conjugali:
570 616 612 652 et
629 606 868 652 secundum
885 606 1053 650 veniam
1068 607 1284 659 concedit
1301 627 1450 673 quam-

78 679 144 726 vis
173 695 275 724 cum
305 683 515 738 conjuge,
548 695 636 723 non
663 677 816 740 utique
856 676 980 722 illum
1014 677 1176 739 prolis,
1204 679 1276 724 sed
1311 697 1387 743 qui
1406 682 1455 726 fit

80 749 317 812 voluptatis
338 749 576 794 intentione
599 747 901 793 concubitum.
933 748 1064 793 Hunc
1099 748 1279 795 audiant
1310 751 1452 797 chris-

81 819 199 864 tiana
220 819 421 878 conjugia
435 855 445 874 ,
465 835 555 863 non
573 829 615 863 te
630 855 640 874 ‚
668 818 744 881 qui
763 817 826 862 vis
843 817 888 862 in
907 817 965 862 eis
984 834 1114 880 quam
1134 818 1326 866 defendis
1346 839 1458 868 nun-

84 905 218 951 quam
254 888 414 933 frenari
452 887 879 951 concupiscentiam,
920 887 992 932 sed
1028 889 1384 955 quotiescumque
1420 910 1462 938 se

87 959 395 1015 commoverit,
423 959 568 1004 satiari
594 958 764 1004 avidam
780 995 791 1013 ‚
814 975 989 1017 regnare
1003 975 1210 1007 securam.
1239 962 1369 1008 Hunc
1388 980 1463 1009 au-

89 1028 212 1074 diant
225 1029 439 1091 ‚inquam‚
456 1029 603 1074 fideles
618 1029 784 1074 Christi
798 1029 873 1090 qui
897 1031 1226 1076 suntconnubio
1242 1032 1460 1094 colligati,

90 1109 141 1144 ut
159 1115 207 1143 ex
229 1115 440 1144 consensu
462 1109 731 1161 temperent,
755 1114 842 1161 quo
864 1109 1018 1143 vacent
1047 1100 1230 1145 orationi
1249 1119 1260 1146 :
1293 1113 1335 1148 et
1365 1120 1467 1149 cum

93 1169 149 1214 ad
161 1169 304 1232 ipsum
321 1169 504 1214 redeunt
519 1180 703 1232 propter
723 1169 1102 1231 intemperantiam
1119 1187 1257 1227 suam,
1271 1175 1471 1219 noverint

96 1240 226 1285 etiam
246 1240 347 1286 inde
361 1240 503 1285 dicere
527 1240 617 1284 Deo
634 1257 678 1283 ια
703 1239 883 1284 Dimitte
908 1239 1035 1284 nobis
1062 1239 1210 1287 debita
1241 1244 1422 1291 nostra3.
1451 1267 1472 1286 n

110 1310 243 1367 Quod
270 1311 385 1355 enim
413 1309 654 1355 secundum
680 1309 970 1364 venian1‚non
989 1310 1226 1356 secundum
1240 1312 1472 1376 imperium

100 1398 124 1426 a
143 1391 264 1426 tanto
282 1380 461 1426 doctore
473 1380 654 1435 dicitur,
679 1380 829 1441 utique
843 1379 1105 1438 ignoscetur,
1136 1399 1222 1426 non
1238 1384 1436 1442 jubetur.

162 1453 281 1498 XLI.
323 1451 409 1497 Sed
443 1451 610 1496 insertis
643 1450 734 1495 aliis
760 1451 904 1496 Verbis
933 1451 1064 1507 meis,
1099 1452 1177 1497 ubi
1210 1454 1476 1505 voluntatem

99 1539 198 1568 vere
220 1523 421 1600 piorum,
454 1521 556 1584 quia
586 1521 962 1576 Christianorum,
987 1525 1223 1581 conjugum
1249 1542 1477 1574 commen-

101 1593 229 1639 davi
216 1604 252 1649 ⁴,
274 1592 352 1656 qui
374 1592 484 1638 filios
508 1592 564 1637 ad
584 1592 673 1637 hoc
697 1602 900 1652 generant
918 1593 963 1636 in
986 1591 1072 1637 hoc
1089 1595 1250 1640 saeculo
1271 1607 1318 1642 ut
1344 1616 1480 1663 prop-

100 1675 167 1709 ter
201 1664 387 1709 alterum
415 1662 626 1708 saeculum
655 1673 960 1722 regenerentur
985 1663 1032 1707 in
1057 1663 1481 1720 Christo;com1ne-

102 1752 243 1781 moras
271 1746 312 1780 te
341 1738 433 1794 jam
468 1734 511 1780 in
549 1734 740 1780 secundo
776 1733 892 1779 libro
925 1734 1049 1779 istam
1072 1752 1212 1781 meam
1230 1703 1483 1788 destruxisse

102 1806 353 1851 sententiam
375 1823 385 1850 :
415 1805 491 1850 ubi
511 1804 619 1868 quid
640 1805 724 1850 tibi
741 1804 1037 1867 responderim
1057 1842 1067 1861 ,
1090 1806 1153 1851 ibi
1177 1808 1322 1870 potius
1339 1811 1482 1872 legant

102 1879 180 1940 qui
196 1877 364 1923 volunt.
391 1876 463 1922 Sic
482 1877 597 1921 enim
626 1894 715 1921 non
739 1887 839 1921 sunt
872 1875 1073 1922 facienda
1098 1877 1309 1926 adulteria
1325 1919 1335 1937 ‚
1352 1884 1483 1929 etiam

103 1947 327 1993 voluntate
362 1946 593 2006 generandi
625 1946 963 2006 regmenerandos
1005 1948 1376 2008 quemadmodum
1404 1971 1484 2000 nec

103 2016 220 2062 furta
242 2017 441 2062 facienda
465 2028 591 2067 sunt
628 2017 759 2061 etiam
793 2016 1018 2061 voluntate
1042 2018 1246 2079 pascendi
1270 2038 1481 2086 pauperes

105 2086 340 2133 sanctos5.
329 2104 339 2113 ·
362 2087 482 2149 quod
509 2098 653 2132 tamen
685 2085 936 2132 faciendum
967 2097 1053 2143 est,
1076 2104 1164 2133 non
1189 2089 1303 2136 furta
1321 2110 1480 2174 perpe-

103 2156 288 2213 trando,
315 2156 388 2202 sed
409 2158 518 2202 bene
536 2158 696 2202 utendo
717 2175 965 2202 mammona
989 2158 1254 2235 iniquitatis,
1274 2173 1322 2208 ut
1339 2174 1379 2208 et
1398 2165 1483 2228 ipsi

104 2194 319 2289 recipiant
350 2227 396 2271 in
431 2227 713 2272 tabernacula
761 2237 946 2282 aeterna3
993 2228 1108 2273 sicut
1145 2247 1233 2275 non
1271 2233 1484 2282 adulteria

106 2297 450 2353 committendo,
492 2298 564 2343 sed
601 2297 887 2357 conjugaliter
921 2299 1031 2343 bene
1060 2300 1223 2346 utendo
1247 2304 1482 2352 11111011111-

108 2367 248 2425 dinis,
277 2386 324 2414 ea
337 2369 561 2414 voluntate
589 2369 820 2429 generandi
846 2380 947 2415 sunt
975 2369 1073 2427 filii,
1107 2382 1154 2416 ut
1179 2389 1280 2419 cum
1300 2375 1358 2421 eis
1386 2395 1480 2439 reg-

109 2449 237 2484 netur
259 2438 304 2483 in
329 2449 552 2486 aeternum.

174 2512 316 2557 XLII.
358 2511 520 2557 Verum
547 2511 762 2571 eleganter
792 2510 946 2557 laudas
980 2524 1226 2577 susceptam
1252 2526 1369 2562 tuam
1386 2555 1396 2575 ‚
1419 2518 1486 2565 di-

159 2609 170 2631 ¹
196 2621 207 2639 1
230 2611 314 2640 Petr.
329 2620 383 2651 111,
405 2622 434 2649 7.
453 2629 495 2633 —
510 2609 526 2631 ²
544 2622 556 2641 1
575 2612 647 2643 Cor.
670 2622 729 2647 vn,
755 2612 788 2655 5,
804 2612 836 2642 6.
855 2629 902 2637 —
915 2608 930 2634 3
948 2611 1065 2647 Matth.
1083 2624 1125 2653 γι,
1144 2625 1194 2646 12.
1209 2632 1253 2639 -—
1273 2612 1287 2638 ⁴
1302 2617 1373 2651 Lib,
1397 2630 1427 2653 1,
1444 2619 1485 2652 de

110 2666 213 2707 Nupt.
229 2670 260 2696 et
273 2666 412 2707 Concup.
429 2676 497 2708 cap.
518 2667 551 2697 8.
573 2684 613 2689 —-—
631 2664 644 2688 5
663 2668 738 2698 Luc.
758 2677 827 2708 ΧΠ,
844 2678 877 2707 9.

274 2735 409 2765 extu.
1307 2727 1365 2772 23
