1843 3190
0 0 738 246 Γῤ

268 343 440 376 CONTRA
475 343 700 377 quANuM
734 341 1039 384 ΡΕιΑαῙΑΝυΜ,
1078 342 1164 375 Lm.
1207 343 1256 375 11.
1354 329 1440 392 169

5 251 9 406 l
77 420 163 455 tate
183 409 474 455 humanarum
501 409 845 455 demutationum
869 421 910 455 et
931 419 1132 455 motuum
1161 425 1248 454 non
1271 419 1444 472 reputet

5 424 11 554 l
75 480 192 526 vitia.
226 479 341 524 Hinc
365 479 474 524 illud
493 479 729 542 Prophetae
750 479 918 525 dictum
942 490 1003 524 est
1024 496 1035 523 ε
1063 500 1083 519 κ
1104 478 1259 523 Melior
1277 478 1445 523 miseri-

6 555 10 610 }
77 571 100 593 ›>
116 548 263 595 cordia
282 560 355 594 tua
376 566 504 612 super
522 548 674 596 vitas1.
705 570 726 591 n
746 549 951 595 Vides-ne
968 548 1190 594 hominem
1208 548 1287 593 Dei
1304 565 1350 592 ex
1369 547 1444 592 illo

8 617 10 628 ’
76 636 257 665 numero
276 636 361 663 esse
378 620 629 674 beatorum,
653 618 707 664 de
725 620 887 682 quibus
905 618 1167 682 praedictum
1188 628 1249 662 est
1270 636 1280 662 z
1303 639 1322 658 c<
1344 621 1448 662 Bea-

7 634 12 764 l
77 710 99 731 >2
118 699 186 733 tus
205 689 270 733 vir
298 689 369 733 cui
398 706 484 734 non
514 689 747 752 imputavit
775 690 987 734 Dominus
1016 699 1245 751 peccatum
1265 725 1275 742 ,
1310 704 1449 749 neque

8 765 12 782 ⁹
79 769 178 803 »est
203 759 245 803 in
270 776 341 803 ore
359 763 448 818 ejus
474 760 654 804 dolus‘29
672 782 691 801 »
713 761 957 805 Confitetur
976 760 1089 804 enim
1115 759 1243 804 etiam
1266 768 1447 820 peccata

74 833 287 888 justornm
307 866 316 883 ‚
344 830 476 888 magis
512 847 580 874 cos
612 846 797 874 asserens
824 830 868 875 in
903 830 980 875 Dei
1006 827 1299 874 misericordia
1330 844 1450 890 spem

79 916 259 961 ponere,
283 916 412 962 quam
435 899 666 958 dejustitia
685 917 759 944 sua
779 900 910 945 fidere
931 918 941 944 :
964 910 1005 945 et
1020 899 1116 944 ideo
1136 916 1224 943 non
1241 909 1303 943 est
1320 898 1363 943 in
1380 914 1452 943 ore

79 972 170 1027 ejus
194 968 344 1023 dolus,
376 969 463 1013 imo
489 969 535 1014 in
569 987 639 1015 ore
674 969 850 1014 illorum
873 970 1091 1024 omnium,
1125 969 1286 1030 quibus
1316 968 1453 1026 hujus

80 1037 240 1083 veracis
267 1037 525 1083 humilitatis
547 1038 615 1083 vel
634 1039 812 1084 humilis
828 1040 1018 1084 veritatis
1037 1038 1242 1100 perhibet
1265 1037 1453 1082 testimo-

81 1107 218 1153 nium.
244 1106 332 1162 Qui
360 1106 484 1152 dolus
504 1108 700 1153 abundat
723 1108 767 1152 in
785 1124 856 1152 ore
878 1118 1035 1153 vestro.
1064 1107 1152 1151 Ubi
1177 1107 1292 1151 enim
1313 1107 1452 1151 virtus

81 1193 170 1221 non
189 1186 274 1231 est,
296 1187 336 1221 et
355 1186 473 1221 tanta
493 1177 706 1235 jactantia
727 1187 816 1232 est,
839 1177 1084 1240 hypocrisis
1103 1186 1162 1221 est
1184 1193 1195 1220 ι
1218 1186 1259 1220 et
1280 1174 1357 1220 ubi
1373 1175 1455 1236 hy-

82 1246 264 1309 pocrisis
279 1282 289 1301 ³
314 1247 464 1309 utique
485 1247 625 1293 dolus.
656 1248 837 1293 Prorsus
861 1257 1075 1309 quantum
1100 1245 1237 1291 sancti
1259 1244 1311 1290 de
1332 1244 1457 1289 mise-

83 1316 268 1361 ricordia
296 1317 375 1361 Dei
405 1334 504 1379 quae
528 1334 683 1376 magna
706 1328 790 1373 est,
817 1328 988 1362 tantum
1011 1333 1086 1362 vos
1119 1315 1174 1361 de
1194 1326 1333 1360 vestra
1359 1330 1458 1376 quae

83 1385 203 1431 nulla
221 1396 282 1430 cst
307 1387 463 1431 virtute
485 1387 748 1449 praesumitis
773 1404 784 1431 ε
810 1397 851 1432 et
885 1397 1099 1450 quantum
1131 1384 1215 1447 ipsi
1252 1383 1454 1429 adversus

84 1456 328 1515 ingenerata
351 1456 455 1501 vitia
478 1456 642 1502 bellum
669 1468 823 1516 gerunt
855 1458 993 1517 adjuti
1027 1473 1106 1519 per
1140 1455 1218 1499 Dei
1244 1454 1423 1513 gratiam
1442 1489 1454 1509 ‚

87 1536 254 1571 tantum
276 1542 350 1570 vos
373 1525 538 1571 bellum
573 1527 717 1585 geritis
741 1527 944 1572 adversus
977 1528 1116 1590 ipsam
1153 1525 1231 1570 Dei
1255 1524 1452 1583 gratiam.

88 1595 169 1640 Sed
199 1595 366 1639 utinam
389 1595 501 1640 sicut
525 1612 600 1641 vos
618 1597 756 1643 vincit
778 1597 824 1643 in
845 1598 930 1642 suis
952 1617 963 1651 3
985 1597 1045 1642 ita
1068 1612 1166 1641 suos
1185 1594 1363 1650 faciens,
1383 1609 1459 1639 vos

15 1662 20 1708 l
86 1681 262 1728 quoque
284 1664 400 1727 ipsos
423 1666 570 1710 vincat
588 1666 634 1711 in
657 1667 797 1713 vobis.

15 1709 19 1762 l
152 1737 292 1781 XXX.
334 1736 479 1781 Ita-ne
510 1735 556 1780 in
585 1736 716 1782 corde
751 1748 892 1784 vestro
937 1737 1079 1782 dicere
1115 1733 1310 1786 ιἩιᾶεῐῖὶε,
1341 1732 1462 1795 quod

16 1768 20 1843 l
89 1823 190 1851 cum
227 1822 301 1851 vos
335 1805 545 1862 audiunt,
584 1807 881 1853 accenduntur
916 1807 1115 1852 homines
1148 1805 1201 1850 ad
1231 1804 1461 1858 virtutem,

91 1893 191 1921 cum
216 1886 360 1920 autem
382 1875 485 1921 istos
515 1876 700 1922 audiunt
724 1888 864 1923 tantos
891 1894 941 1922 ac
972 1876 1075 1922 tales
1101 1875 1216 1921 viros
1233 1910 1243 1929 ‚
1273 1871 1465 1935 Cypria-

91 1962 219 1998 num,
262 1944 502 2001 Hilarium,
531 1946 788 2005 Gregorium
807 1984 818 2002 ‚
848 1946 1131 1993 Ambrosium
1150 1982 1161 2001 ,
1200 1953 1463 2003 caeterosque

19 2026 22 2051 ⁸
93 2015 331 2061 sacerdotes
351 2016 556 2072 Domini,
590 2016 888 2080 desperatione
917 2017 1203 2076 franguntur,
1233 2030 1281 2058 ac
1300 2028 1464 2057 renun-

92 2085 199 2130 tiant
217 2084 370 2130 studiis
389 2084 668 2147 perfectionis
684 2090 701 2132 ,3
720 2088 927 2133 Haeccine
946 2097 1137 2131 monstra
1153 2083 1466 2143 cogitationum

91 2155 330 2200 ascendunt
352 2155 397 2199 in
429 2172 505 2200 cor
528 2169 718 2201 vestrum
739 2194 750 2212 ,
785 2168 827 2202 et
853 2175 941 2202 non
967 2157 1134 2202 elidunt
1154 2155 1341 2201 frontem
1371 2168 1468 2197 ves-

94 2227 229 2270 tram?
259 2225 454 2282 Ergo-ne
477 2240 552 2269 vos
573 2224 797 2271 honoratis
818 2236 987 2271 sanctos
1014 2225 1124 2280 Dei,
1153 2221 1431 2267 Patriarchas
1450 2257 1461 2275 ‚

91 2293 361 2356 Prophetas,
389 2293 618 2356 Apostolos
653 2295 782 2341 laude
814 2308 983 2341 naturae
1001 2333 1012 2351 ,
1049 2306 1090 2341 et
1112 2292 1365 2340 decolorant
1398 2307 1468 2336 eos

90 2364 171 2410 ista
188 2363 354 2408 lumina
374 2363 579 2409 Ecclesiae
600 2364 922 2428 vituperatione
944 2376 1112 2411 naturae
1131 2383 1143 2418 ;
1177 2363 1280 2426 quia
1302 2378 1372 2406 eos
1396 2361 1468 2406 di-

92 2444 198 2480 cunt
220 2433 266 2478 in
286 2450 468 2496 corpore
496 2435 645 2480 mortis
666 2435 824 2495 hujus,
853 2446 901 2481 ut
929 2445 1124 2481 tenerent
1152 2431 1360 2479 castitatis
1382 2431 1468 2475 bo-

92 2521 197 2550 num
211 2541 221 2558 ‚
240 2503 465 2549 dimicasse
482 2515 634 2550 contra
648 2505 889 2566 ingenitum
905 2503 1274 2568 concupiscentiae
1287 2500 1468 2556 malum,

94 2592 171 2639 per
196 2575 274 2620 Dei
297 2576 479 2634 gratiam
502 2576 624 2639 prius
649 2576 975 2624 conflictatione
996 2574 1260 2624 vincendum
1280 2609 1291 2629 ‚
1320 2580 1469 2637 postea

141 2658 248 2692 ¹Psa1.
265 2660 389 2703 nx1i‚l4.
406 2658 478 2683 -2
491 2659 539 2691 Id.
559 2671 649 2700 xxm,
666 2672 696 2693 2.
