1843 3190
315 270 407 331 254
731 282 766 315 s.
811 278 1053 317 Aeecsnm
1088 276 1293 316 131³1sc01>1

312 371 398 420 qua
427 354 627 400 Romana
651 348 770 397 curia
800 347 1093 413 loqueremur,
1116 346 1279 415 putasti
1302 364 1388 395 esse
1410 342 1674 397 terrendum.

311 430 472 476 Verum
496 438 545 473 tu
564 426 609 472 in
641 425 726 471 hac
745 440 872 469 causa
895 422 972 469 etsi
995 423 1048 470 ad
1069 423 1265 470 scholam
1290 420 1554 487 Pythagorae
1573 439 1684 486 pro-

311 516 436 546 voces
460 497 527 543 vel
542 494 736 542 Platonis
751 531 762 550 ,
791 494 869 539 ubi
887 494 1164 542 eruditissimi
1187 504 1315 559 atque
1338 492 1578 538 doctissimi
1601 492 1682 539 viri

307 569 448 616 multo
478 566 773 613 excellentiore
809 565 975 610 caeteris
1010 564 1294 629 philosophia
1317 563 1534 611 nobilitati
1563 580 1684 608 veras

311 641 492 686 virtutes
514 654 603 683 non
622 653 706 682 esse
726 635 931 680 dicebant
950 673 959 691 ‚
981 635 1061 681 nisi
1079 652 1177 698 quae
1198 634 1331 680 menti
1345 633 1535 699 quodam
1554 633 1684 681 modo

309 710 625 773 imprimuntur
646 725 668 752 a
692 705 832 752 forma
857 706 972 754 illius
996 717 1169 753 aeternae
1194 704 1564 768 immutabilisque
1577 704 1685 750 sub-

311 780 479 825 stantiae
492 816 503 834 ,
524 776 644 841 quod
658 786 720 821 est
740 780 857 820 Deus
876 795 887 829 ;
916 775 1042 820 etiam
1057 775 1147 820 illic
1163 775 1365 820 adversus
1382 785 1422 822 te
1437 810 1447 830 ,
1471 784 1686 836 quantum

312 851 445 896 donat
465 848 541 915 qui
574 863 653 892 nos
675 845 873 902 vocavit,
905 845 1078 909 pietatis
1105 845 1304 890 libertate
1340 844 1539 891 clamabo
1562 861 1572 888 t
1597 844 1685 889 Nec

309 922 355 966 in
380 920 469 965 istis
502 928 563 964 est
592 934 692 963 vera
718 916 900 976 justitia.
930 938 949 957 α
971 917 1121 962 Justus
1146 933 1193 961 ex
1224 915 1309 961 fide
1339 915 1459 961 vivit.
1491 914 1616 960 Fides
1639 931 1687 960 ex

312 1012 332 1033 »
355 990 505 1036 auditu
526 1027 535 1045 ,
567 987 738 1034 auditus
764 997 904 1034 autem
929 1004 1008 1050 per
1029 986 1212 1032 verbum
1238 985 1401 1031 Christi
1426 1003 1436 1029 :
1465 985 1562 1030 finis
1584 984 1687 1044 legis

311 1084 332 1103 »
355 1061 556 1106 Christus
579 1057 859 1118 adjustitiam
885 1057 1003 1102 omni
1031 1055 1265 1102 credenti1.
1293 1078 1312 1097 »
1339 1054 1569 1111 Quomodo
1587 1065 1687 1100 sunt

310 1130 544 1190 verejusti‚
571 1129 732 1191 quibus
752 1127 846 1175 vilis
870 1138 930 1172 est
951 1126 1172 1173 humilitas
1187 1125 1278 1171 veri
1289 1125 1426 1184 justi?
1452 1126 1552 1181 Quo
1570 1124 1686 1169 enim

270 1196 273 1201 ’
310 1219 389 1265 pro
396 1202 716 1264 pinquaverunt
728 1196 1009 1256 intelligentia
1024 1234 1033 1252 ‚
1052 1196 1152 1241 inde
1166 1196 1370 1260 superbia
1388 1204 1651 1241 recesserunt
1669 1212 1680 1239 ι

311 1293 331 1312 «
357 1271 470 1327 Quia
490 1279 794 1329 cognoscentes
818 1268 956 1312 Deum
978 1304 988 1322 ‚
1016 1284 1104 1312 non
1127 1267 1238 1312 sicut
1257 1268 1396 1313 Deum
1422 1265 1685 1326 glorificave-

311 1362 332 1383 »
358 1351 458 1386 runt
478 1377 489 1396 ,
519 1349 594 1384 aut
615 1338 774 1398 gratias
796 1347 998 1396 egerunt3
1020 1337 1091 1382 sed
1106 1347 1373 1382 evanuerunt
1389 1336 1434 1381 in
1454 1335 1685 1395 cogitatio-

310 1434 330 1454 »
355 1411 486 1456 nibus
505 1409 591 1455 suis
610 1443 620 1462 ‚
650 1419 691 1453 et
720 1408 1003 1453 obscuratum
1028 1418 1090 1455 est
1113 1406 1317 1469 insipiens
1339 1423 1414 1451 cor
1434 1422 1581 1451 eorum
1597 1405 1631 1449 2.
1665 1427 1685 1448 n

311 1504 331 1524 »
355 1482 553 1527 Dicentes
567 1479 682 1524 enim
699 1495 740 1523 se
763 1495 849 1524 esse
862 1477 1098 1541 sapientes2
1128 1474 1251 1522 stulti
1270 1477 1374 1523 facti
1388 1487 1500 1523 sunt.
1524 1476 1685 1532 »Quo-

309 1551 441 1596 modo
463 1560 524 1595 est
543 1549 587 1594 in
608 1549 665 1593 eis
686 1547 967 1607 verajustitia
983 1584 993 1604 ,
1025 1548 1071 1592 in
1096 1547 1258 1611 quibus
1291 1563 1379 1592 non
1407 1557 1467 1593 est
1490 1562 1590 1593 vera
1616 1563 1685 1593 sa-

309 1621 502 1685 pientiaT³
528 1620 670 1676 Quam
696 1618 727 1663 si
752 1618 811 1663 eis
842 1618 1124 1665 tribuerimus
1142 1655 1151 1672 ‚
1179 1617 1291 1662 nihil
1328 1617 1408 1662 erit
1444 1633 1585 1662 causae
1607 1633 1686 1661 cur

309 1710 394 1738 non
410 1709 479 1738 eos
501 1691 552 1737 ad
567 1690 675 1736 illud
697 1707 874 1750 regnum
897 1690 1123 1755 pervenire
1134 1689 1330 1736 dicamus
1346 1726 1356 1744 ‚
1379 1688 1431 1733 de
1448 1705 1535 1751 quo
1550 1687 1685 1751 scrip-

312 1774 401 1809 tum
439 1773 499 1808 est
537 1779 547 1806 :
583 1782 602 1802 α
628 1761 993 1827 Concupiscentia
1028 1760 1251 1824 sapientise
1281 1758 1460 1804 deducit
1495 1753 1548 1803 ad
1587 1775 1685 1818 reg-

310 1856 330 1875 »
354 1833 502 1879 numss.
532 1854 551 1874 n
580 1835 638 1878 Ac
667 1849 744 1894 per
779 1832 865 1876 hoc
904 1831 1104 1877 Christus
1139 1831 1268 1890 gratis
1304 1840 1503 1875 mortuus
1526 1839 1614 1884 est,
1651 1828 1686 1874 si

307 1904 504 1949 homines
528 1902 616 1947 sine
650 1901 736 1946 fide
762 1901 927 1947 Christi
953 1901 1007 1947 ad
1042 1900 1172 1947 fidem
1199 1918 1343 1947 veram
1362 1937 1373 1956 ,
1401 1899 1456 1947 ad
1480 1899 1684 1946 virtutem

307 1990 473 2029 veram,
499 1971 554 2017 ad
581 1971 794 2031 justitiam
816 1988 961 2016 veram
977 2008 988 2028 ‚
1012 1970 1066 2016 ad
1096 1971 1351 2034 sapientiam
1371 1986 1514 2014 veram
1534 2007 1544 2026 ,
1569 1986 1684 2033 qua-

307 2060 494 2106 cumque
521 2060 563 2088 re
596 2042 675 2087 alia
693 2080 702 2096 ‚
726 2058 1002 2107 quacumque
1022 2041 1189 2087 ratione
1207 2040 1480 2104 perveniunt.
1506 2043 1685 2086 Prorsus

304 2116 416 2160 sicut
433 2114 486 2159 de
500 2114 590 2173 lege
609 2114 825 2162 verissime
849 2114 908 2159 ait
928 2112 1160 2176 Apostolus
1186 2130 1195 2157 ε
1223 2134 1244 2158 ς(
1265 2112 1311 2157 Si
1334 2128 1413 2176 per
1435 2111 1570 2170 legem
1585 2114 1685 2170 jus-

308 2185 402 2230 titia
420 2222 430 2241 ‚
458 2198 557 2243 ergo
585 2183 786 2231 Christus
807 2183 936 2242 gratis
962 2193 1158 2228 mortuus
1179 2181 1271 2228 esth
1298 2200 1308 2226 ε
1336 2203 1357 2223 >2
1384 2181 1443 2226 ita
1467 2180 1685 2227 verissime

308 2255 509 2300 dicitur:
537 2255 583 2300 Si
618 2271 696 2318 per
726 2265 928 2300 naturam
966 2253 1320 2317 voluntatemque
1351 2251 1544 2313 justitia,
1584 2267 1683 2310 ergo

310 2324 512 2372 Christus
535 2324 664 2384 gratis
688 2334 883 2370 mortuus
907 2334 982 2370 est.
1017 2323 1063 2368 Si
1096 2340 1174 2387 per
1196 2322 1416 2368 doctrinas
1449 2321 1684 2366 hominum

307 2394 639 2457 qualiscumque
655 2394 824 2453 justitia
840 2432 850 2450 ,
874 2411 972 2453 ergo
997 2393 1199 2438 Christus
1224 2392 1354 2452 gratis
1374 2401 1573 2437 mortuus
1600 2401 1676 2436 est.

306 2464 390 2510 Per
405 2463 525 2527 quod
548 2463 662 2509 enim
687 2473 749 2508 est
775 2480 875 2509 vera
905 2462 1076 2523 justitia
1091 2499 1102 2518 ‚
1133 2479 1211 2525 per
1232 2462 1320 2508 hoc
1343 2461 1471 2507 etiam
1501 2477 1682 2521 regnum

355 2564 366 2585 ¹
396 2566 488 2595 Rom.
524 2575 556 2610 1²
579 2575 616 2604 17
638 2570 670 2596 et
701 2569 731 2602 4.
758 2580 803 2586 -
829 2560 846 2584 ²
874 2561 958 2596 Ibid.
982 2573 1037 2601 21,
1057 2573 1113 2597 22.
1132 2579 1176 2586 --
1203 2560 1216 2585 3
1244 2564 1320 2607 Sap.
1340 2573 1388 2608 vr,
1407 2573 1461 2595 21.
1481 2558 1555 2586 -4
1574 2561 1679 2595 Galat.

307 2631 360 2661 11,
388 2631 443 2653 21.
