1843 3190
304 263 397 314 386
723 277 759 309 s.
803 275 1047 307 Aususrim
1082 275 1286 307 Erlscom

301 347 510 395 sumusP»
530 341 646 391 Hinc
662 341 856 405 probans
873 340 994 403 quod
1018 357 1150 403 supra
1178 340 1370 396 dixerat,
1396 361 1417 384 «
1443 341 1488 388 Si
1512 342 1674 388 mortui

304 432 491 465 »sumus
511 423 692 476 peccato
712 448 723 467 ,
759 410 980 474 quomodo
1004 412 1196 457 vivemus
1220 412 1264 457 in
1289 414 1369 457 eo?
1391 434 1412 454 »
1438 423 1486 458 ut
1525 413 1601 475 qui
1636 423 1680 460 se

306 504 394 536 non
409 486 657 545 ignorarent
679 483 724 528 in
742 493 879 546 morte
901 481 1065 529 Christi
1080 482 1340 544 baptizatos,
1365 499 1466 529 cum
1485 483 1681 546 baptiza-

307 567 459 606 rentur
483 556 527 600 in
549 553 741 607 Christo,
770 553 928 598 scirent
947 563 1075 596 etiam
1096 569 1137 596 se
1162 564 1355 598 mortuos
1369 570 1454 599 esse
1470 564 1679 617 peecat03

312 627 414 691 quia
435 624 550 674 nihil
567 635 628 670 est
652 622 769 670 aliud
798 623 841 668 in
866 633 1003 667 morte
1033 621 1194 667 Christi
1219 623 1449 686 baptizari,
1475 624 1556 669 nisi
1577 639 1684 686 pec-

312 707 410 746 cato
438 695 560 745 mori.
586 695 683 741 Hoc
716 692 965 752 diligentius
988 708 1206 754 exponens
1227 692 1447 753 adjungit,
1474 703 1516 738 et
1540 693 1647 738 dicit
1670 708 1681 737 ε

262 791 266 795 ·
313 791 333 811 «
355 765 611 829 Consepulti
633 780 733 823 ergo
754 779 901 809 sumus
918 762 980 807 illi
1003 779 1081 824 per
1104 763 1372 825 baptismum
1396 765 1440 809 in
1472 780 1652 808 mortem
1671 799 1684 819 ‚

314 861 334 881 »
353 848 402 884 ut
419 834 793 900 quemadmodum
821 832 1000 877 surrexit
1017 831 1218 877 Christus
1247 849 1269 877 a
1290 833 1473 878 mortuis
1497 850 1576 896 per
1591 833 1688 892 glo—

316 931 337 954 »
362 908 470 955 riam
494 905 654 960 Patris,
684 904 742 949 ita
777 914 819 948 et
855 919 932 947 nos
967 902 1012 947 in
1038 902 1231 947 novitate
1262 903 1364 948 vitae
1398 903 1683 952 ambulemus.

315 1001 336 1025 »
361 978 407 1024 Si
442 977 556 1024 enim
581 973 867 1036 complantati
902 989 1048 1017 sumus
1083 971 1356 1018 similitudini
1387 974 1538 1019 mortis
1569 976 1688 1037 eju5‚

317 1071 339 1092 >³
363 1049 424 1095 sic
441 1047 457 1077 1
486 1058 528 1092 et
551 1043 875 1091 resurrectionis
900 1042 1088 1087 erimus:
1117 1042 1203 1088 boc·
1227 1043 1422 1098 scientes,
1450 1044 1552 1106 quia
1574 1053 1694 1089 vetus

317 1141 339 1166 n
358 1120 493 1167 homo
513 1127 657 1162 noster
680 1113 809 1160 simul
834 1113 1064 1158 crucifixus
1088 1122 1149 1170 est
1165 1150 1176 1168 ,
1218 1123 1267 1161 ut
1288 1124 1521 1159 evacuetur
1537 1130 1696 1176 corpus

318 1212 339 1234 ι)
364 1188 534 1254 peccati
557 1225 568 1243 ‚
611 1196 658 1232 ut
697 1184 810 1230 ultra
848 1200 937 1229 non
969 1183 1206 1229 serviamus
1229 1194 1423 1246 peceato.
1462 1183 1551 1240 Qui
1581 1184 1697 1229 enim

320 1282 341 1307 ν,
361 1270 556 1307 mortuus
580 1267 643 1302 est
663 1292 674 1313 ‚
691 1255 956 1315 justificatus
980 1267 1042 1298 est
1062 1270 1085 1298 a
1108 1264 1302 1316 peccato.
1334 1254 1378 1299 Si
1403 1264 1546 1299 autem
1574 1271 1697 1299 mor-

320 1354 341 1374 »
362 1331 426 1377 tui
453 1344 600 1375 sumus
620 1343 720 1372 cum
757 1324 934 1370 Christo
952 1360 962 1379 ‚
1002 1323 1219 1369 credimus
1235 1324 1336 1387 quia
1357 1324 1485 1370 simul
1503 1325 1699 1371 vivemus

321 1424 342 1447 2)
367 1418 469 1447 cum
492 1400 585 1453 illo,
616 1397 795 1442 seientes
816 1394 921 1458 quia
941 1394 1142 1442 Christus
1161 1410 1336 1453 surgens
1349 1411 1395 1439 ex
1416 1395 1700 1455 mortuisjam

323 1495 344 1516 n
362 1489 451 1518 non
471 1469 657 1516 moritur
675 1504 685 1522 ‚
723 1482 839 1511 mors
868 1464 933 1510 illi
966 1463 1079 1509 ultra
1100 1482 1188 1510 non
1215 1464 1528 1512 dominabitur.
1569 1463 1702 1522 Quod

324 1566 345 1587 ))
370 1542 482 1589 enim
514 1549 713 1586 mortuus
733 1546 795 1582 est
813 1545 994 1598 peccato
1014 1571 1026 1590 ,
1053 1545 1252 1581 mortuus
1288 1546 1348 1581 est
1385 1536 1542 1582 semel:
1583 1535 1703 1601 quod

325 1638 346 1659 D
365 1625 507 1661 autem
533 1611 643 1656 vivit
664 1647 675 1666 ,
702 1608 811 1655 vivit
836 1608 941 1653 Deo.
968 1607 1033 1653 Ita
1055 1617 1096 1652 et
1112 1624 1190 1652 vos
1210 1607 1448 1653 existimate
1479 1624 1554 1653 vos
1582 1624 1704 1653 mor-

327 1708 347 1729 »
368 1697 464 1731 tuos
487 1681 663 1746 quidem
691 1696 777 1725 esse
796 1688 997 1741 peccato,
1023 1677 1167 1723 vivere
1190 1688 1331 1723 autem
1355 1679 1446 1723 Deo
1460 1678 1506 1723 in
1530 1678 1705 1724 Christo

328 1779 350 1800 ›>
367 1757 469 1803 Jesu
484 1755 516 1799 ².
549 1775 569 1794 »
602 1751 645 1796 Si
679 1766 779 1809 ergo
804 1758 986 1811 peccato
1010 1765 1097 1793 non
1118 1748 1366 1793 moriuntur
1383 1747 1573 1811 parvuli,
1596 1765 1707 1811 pro-

330 1827 402 1873 cul
417 1824 555 1871 dubio
576 1823 621 1868 in
636 1820 801 1866 Christi
828 1829 965 1864 morte
983 1835 1071 1863 non
1091 1819 1384 1881 baptizantur.
1415 1819 1461 1864 Si
1478 1819 1524 1863 in
1543 1817 1708 1863 Christi

329 1906 470 1942 morte
497 1909 586 1938 non
604 1890 903 1954 baptizantur,
928 1905 1014 1934 non
1032 1888 1077 1937 in
1099 1889 1274 1933 Christo
1290 1888 1586 1952 baptizantur.
1607 1887 1712 1944 Qui-

333 1981 521 2029 cumque
546 1962 660 2008 enim
679 1959 891 2024 baptizati
915 1976 1061 2004 sumus
1088 1961 1132 2004 in
1154 1958 1331 2004 Christo
1353 1964 1451 2004 Jesu
1468 1996 1480 2014 ‚
1506 1959 1551 2004 in
1573 1967 1711 2003 morte

331 2037 468 2101 ipsius
479 2031 691 2096 baptizati
710 2047 870 2076 sumus,
887 2031 939 2074 In
955 2028 1130 2074 Christo
1144 2039 1284 2074 autem
1297 2029 1595 2093 baptizantur,
1611 2045 1713 2091 pec-

334 2119 434 2156 cato
457 2121 556 2164 ergo
576 2102 835 2148 moriuntur.
863 2099 945 2145 Cui
967 2109 1148 2162 peccato
1168 2116 1316 2162 quaeso
1336 2099 1482 2156 te‚nisi
1500 2099 1619 2162 quod
1632 2099 1714 2144 ori-

332 2177 472 2240 ginale
482 2187 596 2220 traxe
603 2174 730 2218 runt?
746 2168 1146 2229 Argumentationes
1157 2170 1385 2215 hominum
1403 2170 1708 2216 conticescant.

335 2271 355 2291 «
383 2246 594 2292 Dominus
627 2242 748 2288 novit
777 2241 1057 2299 cogitationes
1075 2241 1304 2285 hominum
1328 2278 1338 2295 ,
1362 2240 1566 2303 quoniam
1592 2256 1716 2285 vanae

337 2339 360 2362 >³
374 2327 475 2363 sunt
487 2315 519 2361 ὃ,
536 2336 556 2357 ))
577 2310 820 2359 Abscondit
843 2311 940 2355 haec
966 2328 989 2354 a
1006 2310 1272 2372 sapientibus
1287 2320 1328 2355 et
1341 2309 1652 2372 prudentibUS‚
1676 2319 1718 2354 et

338 2385 545 2434 revelavit
563 2401 610 2428 ea
628 2381 821 2444 parvulis
837 2380 873 2425 Δ.
903 2381 946 2425 Si
968 2381 1047 2424 tibi
1081 2380 1315 2424 christiana
1341 2380 1447 2424 fides
1479 2379 1682 2442 displicet
1703 2415 1714 2435 ‚

343 2455 536 2521 apertius
572 2453 777 2498 confitere
801 2468 811 2495 :
836 2468 936 2496 nam
978 2450 1259 2495 christianam
1300 2450 1433 2495 fidem
1472 2450 1601 2495 aliam
1632 2466 1721 2494 non

386 2556 397 2576 ¹
418 2556 509 2586 Forte
527 2551 580 2582 sed
598 2556 628 2581 et
646 2556 679 2580 ut
699 2549 779 2580 infra
797 2559 829 2579 n.
854 2550 905 2581 13.
925 2565 969 2571 —
997 2545 1012 2568 ²
1028 2550 1122 2580 Rom.
1155 2559 1200 2586 vr,
1231 2553 1261 2585 4,
1277 2553 1307 2579 et
1326 2558 1414 2589 seqq.
1433 2566 1470 2571 -
1489 2544 1503 2569 3
1522 2543 1603 2578 Psal.
1625 2557 1719 2587 xmu,

343 2619 457 2640 11.—
480 2603 494 2627 ⁴
514 2603 632 2638 Manh,
652 2614 696 2641 xi,
715 2604 768 2633 25.

1802 2530 1805 2553 ὲ

1802 2555 1805 2574 1

1802 2579 1805 2597 ι

1806 2991 1810 3020 1

1805 3022 1811 3190 Ι

1800 2614 1804 2738 j

1799 2761 1804 2938 ξ

1800 2946 1803 2996 i
