1843 3190
191 351 367 384 CONTRA
400 351 629 386 JULIANUM
664 353 969 398 PELAGIANUM,
1005 357 1094 390 LIB.
1136 360 1196 393 IV.
1276 349 1368 410 293

0 435 97 468 rum
112 417 247 464 modo
262 429 388 498 atque
404 430 559 466 natura
573 419 693 484 quod
712 437 861 467 verum
883 433 944 468 est
963 424 1169 488 percipit,
1188 437 1317 491 atque
1331 428 1378 473 id

0 509 19 538 a
35 490 142 537 falso
163 489 297 550 magis
308 490 502 537 minusve
525 490 747 537 discernit.
773 492 946 538 Utilitas
966 496 1177 542 sentiendi
1193 509 1273 554 est,
1296 515 1375 561 per

0 577 128 626 quam
149 577 322 623 corpori
335 570 523 623 vitaeque
542 577 674 622 quam
703 561 905 620 gerimus,
930 562 985 608 ad
1006 563 1172 627 aliquid
1198 585 1368 630 appro-

0 632 190 678 bandum
214 631 278 677 vel
290 630 652 693 improbandum,
673 632 950 688 sumendum,
975 633 1041 679 vel
1070 636 1377 695 rejiciendum,

0 701 292 766 appetendum
303 700 586 747 vitandumve
597 702 875 748 consulimus.
906 703 1141 750 Necessitas
1164 707 1378 753 sentiendi

0 782 71 829 est,
93 769 270 835 quando
291 770 486 816 sensibus
496 772 652 816 nostris
673 772 802 817 etiam
828 771 928 834 quae
945 772 1150 820 nolumus
1175 776 1379 836 ingerun-

0 851 90 899 tur;
108 841 248 887 libido
269 852 412 887 autem
426 842 636 888 sentiendi
651 853 713 888 est
729 880 740 899 ,
765 842 818 888 de
836 860 922 906 qua
939 860 1058 890 nunc
1080 846 1263 905 agimus,
1280 864 1381 910 quae

0 929 69 958 nos
87 910 143 956 ad
161 911 451 966 sentiendum,
479 911 566 958 sive
585 912 898 958 consentientes
918 924 1076 970 mente,
1106 915 1194 961 sive
1217 934 1381 980 repug-

0 991 173 1037 nantes,
203 981 402 1044 appetitu
437 982 631 1027 carnalis*
663 981 899 1045 voluptatis
941 983 1145 1046 impellit.
1179 986 1288 1031 Haec
1320 997 1382 1032 est

0 1049 221 1097 contraria
243 1049 467 1095 dilectioni
497 1050 740 1112 sapientiae,
780 1051 881 1096 haec
912 1051 1161 1098 'virtutibus
1182 1054 1375 1102 inimica.

1 1120 99 1167 Hoc
119 1119 260 1176 malo,
282 1130 496 1185 quantum
519 1120 673 1166 attinet
691 1120 745 1166 ad
768 1124 860 1179 eJ'us
883 1138 975 1166 eam
998 1133 1167 1184 partem
1186 1140 1274 1187 qua
1298 1124 1383 1170 sibi

0 1207 117 1238 sexus
135 1201 317 1254 uterque
350 1190 571 1247 miscetur,
602 1191 713 1236 bene
737 1200 925 1236 utuntur
944 1192 1132 1253 nuptiae,
1157 1209 1260 1238 cum
1280 1210 1384 1238 con-

0 1264 114 1322 iuges
129 1271 362 1325 procreant
385 1260 497 1306 filios
515 1278 595 1324 per
611 1260 750 1315 illam,
779 1261 981 1324 nihilque
1004 1261 1170 1308 faciunt
1202 1274 1386 1326 propter

0 1331 132 1379 illam.
154 1332 281 1377 Hanc
302 1331 336 1377 si
346 1330 550 1378 voluisses
570 1331 638 1377 vel
649 1330 853 1378 valuisses
871 1332 1115 1377 asentiendi
1132 1332 1380 1389 vivacitate,

3 1402 207 1454 utilitate,
234 1402 482 1449 necessitate
510 1401 772 1457 discernere,
801 1401 966 1448 videres
990 1419 1122 1466 quam
1157 1403 1380 1466 superfluo

0 1483 87 1519 tam
98 1473 235 1519 multa
259 1473 444 1519 dixisses
466 1474 571 1519 Non
591 1473 707 1518 enim
724 1473 783 1518 ait
797 1472 1009 1518 Dominus
1036 1490 1046 1517 :
1074 1493 1093 1513 «
1117 1472 1206 1529 Qui
1226 1473 1385 1519 viderit

0 1563 20 1587 ›>
40 1543 283 1599 mulierem,
305 1542 396 1600 sed,
417 1543 493 1606 qui
506 1542 663 1589 viderit
678 1542 731 1589 ad
745 1542 1256 1606 concupiscendum,jam
1274 1560 1384 1589 moe-

0 1633 22 1657 »
44 1613 200 1660 chatus
223 1623 286 1659 est
321 1630 415 1658 eam
433 1612 478 1658 in
506 1612 636 1659 corde
662 1629 739 1658 suo
756 1611 790 1659 1.
821 1634 842 1654 »
882 1614 997 1658 Ecce
1017 1629 1187 1658 sensum
1209 1612 1390 1660 videndi

0 1683 219 1730 alibidine
238 1682 466 1739 sentiendi,
484 1683 517 1728 si
528 1683 730 1746 pervicax
743 1700 832 1728 non
849 1682 922 1738 sis,
945 1682 1134 1728 breviter
1147 1693 1381 1746 aperteque

0 1754 218 1802 discrevit.
245 1753 363 1800 Illud
381 1755 497 1799 Deus
515 1753 740 1810 condidit,
771 1752 1026 1798 instruendo
1041 1769 1201 1816 corpus
1222 1753 1386 1799 huma-

0 1841 135 1871 num:
156 1823 267 1870 illud
295 1823 499 1869 diabolus
521 1823 748 1869 seminavit
764 1860 775 1879 ,
795 1822 1100 1886 persuadendo
1125 1833 1374 1886 peccatum.

66 1892 225 1940 LXVI.
267 1892 470 1939 Laudent
491 1910 591 1953 ergo
610 1893 774 1939 coelum
797 1903 838 1938 et
860 1903 1018 1937 terram
1039 1901 1081 1937 et
1109 1893 1257 1938 omnia
1286 1910 1387 1956 quae

0 1962 48 2009 in
70 1964 129 2009 eis
147 1972 248 2009 sunt
266 1961 465 2008 homines
482 1962 573 2025 pii,
602 1972 643 2007 et
661 1979 708 2008 ex
725 1962 795 2007 his
817 1962 1022 2007 omnibus
1050 1963 1213 2017 Deum,
1241 1963 1389 2008 consi—

3 2032 223 2079 deratione
240 2031 603 2096 pulchritudinis,
625 2049 714 2078 non
734 2031 887 2078 ardore
907 2031 1121 2079 libidinis.
1148 2032 1272 2078 Sicut
1293 2032 1390 2078 auri

4 2103 137 2149 decus
165 2102 288 2148 aliter
323 2101 474 2148 laudat
511 2102 764 2162 religiosus,
804 2101 926 2148 aliter
963 2118 1154 2147 avarus.
1182 2102 1261 2147 iste
1290 2119 1392 2148 cum

3 2173 162 2238 pietate
173 2171 408 2219 venerandi
426 2172 692 2227 Creatorem,
713 2172 786 2217 ille
805 2188 906 2217 cum
926 2170 1121 2237 libidine
1144 2171 1398 2234 possidendi

0 2241 265 2292 icreaturam.
306 2242 509 2288 Movetur
535 2252 650 2287 certe
674 2241 840 2287 animus
873 2241 927 2286 ad
962 2241 1134 2302 pietatis
1156 2242 1398 2306 affectum

5 2313 157 2359 divino
179 2312 350 2359 cantico
375 2311 560 2357 audito:
585 2322 730 2358 tamen
754 2312 882 2358 etiam
901 2311 990 2357 illic
1023 2311 1057 2356 si
1089 2327 1276 2368 sonum,
1305 2330 1396 2358 non

6 2400 177 2431 sensum
208 2381 351 2428 libido
386 2381 592 2428 audiendi
625 2382 839 2428 desideret
859 2419 869 2438 ,
896 2381 1203 2445 improbatur-3
1230 2394 1396 2445 quanto

7 2454 144 2514 magis
168 2453 202 2499 si
218 2452 509 2499 cantiunculis
537 2453 742 2498 inanibus
775 2452 843 2500 vel
866 2452 993 2498 etiam
1021 2451 1226 2514 turpibus
1246 2452 1394 2499 delec—

23 2526 151 2571 etur?
170 2523 329 2569 Caeteri
345 2533 430 2569 tres
446 2539 591 2569 sensus
604 2522 963 2587 corpulentiores,
986 2532 1028 2567 et
1048 2521 1242 2584 quodam
1257 2522 1390 2583 mode

11 2593 242 2657 grossiores
268 2603 369 2641 sunt
384 2630 397 2651 ,
419 2610 498 2641 nec
516 2610 558 2641 se
578 2593 692 2650 foras
709 2593 969 2659 projiciunt,
986 2591 1059 2639 sed
1076 2591 1256 2638 interius
1272 2592 1394 2658 quod

61 2674 74 2711 ,1
92 2673 213 2710 Matth.
231 2686 264 2716 v,
287 2675 346 2710 28.
