1843 3190
361 292 492 324 LIBER
527 295 583 325 DE
620 294 783 326 GRATIA
817 297 870 327 ET
905 297 1066 329 LIBERO
1103 299 1334 334 ARBITRIO.
1440 292 1533 353 499

164 355 210 401 in
234 373 346 402 nova
366 359 532 404 venerit
564 361 699 420 gratia
731 378 830 424 quae
854 364 1195 425 promittebatur
1218 366 1263 411 in
1281 377 1436 424 vetere,
1468 369 1534 416 lex

165 436 305 471 autem
330 428 417 473 sine
438 432 572 488 gratia
600 430 740 476 littera
761 442 822 476 est
849 433 1066 487 occidens,
1092 434 1137 480 in
1158 436 1292 494 gratia
1313 453 1414 481 vero
1439 439 1532 500 spi-

162 496 269 541 ritus
292 497 561 561 vivificans),
591 501 705 546 unde
724 512 785 546 est
818 502 861 547 in
886 503 1139 549 hominibus
1170 505 1356 550 charitas
1381 508 1460 552 Dei
1491 519 1534 554 et

161 567 363 628 proximi,
386 569 463 614 nisi
485 587 531 614 ex
555 571 649 633 ipso
671 572 787 616 Deo?
813 572 921 617 Nam
943 573 977 617 si
996 590 1081 618 non
1097 591 1143 619 ex
1163 570 1269 628 Deo,
1296 575 1367 620 sed
1381 592 1427 620 ex
1446 577 1533 622 ho·-

161 636 370 694 minibus,
393 640 589 685 vicerunt
614 641 863 700 pelagiani:
898 644 931 687 si
958 654 1101 688 autem
1135 661 1181 688 ex
1212 645 1321 699 Dee,
1343 645 1530 693 vicimus

161 705 428 766 Pelagianos.
469 709 623 754 Sedeat
648 727 747 769 ergo
765 712 876 756 inter
899 728 976 756 nos
995 711 1126 770 judex
1153 713 1374 774 apostolus
1396 715 1534 760 Joana

159 792 256 831 nes9
287 787 328 820 et
352 777 470 823 dicat
492 779 616 824 nohis
638 797 648 824 :
678 801 696 819 «
715 780 986 835 Charissimi‚
1014 781 1243 840 diligamus
1268 783 1532 830 invicem1.»

160 846 213 890 In
235 845 304 891 his
327 848 469 893 verbis
487 850 666 894 ‚loannis
685 867 785 895 cum
816 867 856 895 se
873 850 935 895 illi
957 851 1154 896 extollere
1170 853 1383 914 coeperint
1396 863 1437 898 et
1461 853 1533 899 di-

159 933 269 971 cere,
298 918 354 962 Ut
390 919 497 981 quid
536 920 661 965 nobis
687 920 772 965 hoc
800 921 1088 983 praecipitur,
1112 921 1194 966 nisi
1222 923 1324 985 quia
1344 940 1390 969 ex
1408 925 1534 970 nobis

157 986 370 1033 habemus
397 1000 443 1034 ut
461 989 648 1035 invicem
684 990 918 1049 diligamus
941 1007 952 1035 ε
976 991 1171 1053 sequitur
1190 992 1396 1037 continuo
1418 993 1533 1039 idem

157 1056 372 1114 JoanneS‚
411 1058 680 1104 confundens
705 1077 775 1104 eos
808 1071 849 1105 et
882 1059 1060 1105 dicens:
1085 1082 1104 1101 «
1128 1061 1242 1116 Quia
1280 1061 1452 1107 dilectio
1485 1081 1533 1109 ex

160 1146 181 1167 >³
195 1129 287 1171 Deo
303 1139 364 1172 est
382 1128 415 1174 2.
437 1150 455 1169 >³
473 1129 571 1173 Non
593 1129 739 1192 itaque
752 1147 798 1174 ex
813 1130 956 1184 nohis,
973 1130 1045 1174 sed
1061 1147 1108 1174 ex
1122 1131 1212 1175 Deo
1231 1140 1305 1176 est.
1331 1131 1423 1177 Cur
1433 1149 1532 1191 ergo

156 1195 324 1242 dictum
351 1209 414 1242 est
442 1216 452 1242 ε
485 1219 505 1239 «
525 1198 766 1257 Diligamus
803 1199 988 1244 invicem
1005 1233 1015 1253 ‚
1042 1200 1144 1260 quia
1167 1199 1340 1244 dilectio
1360 1217 1406 1245 ex
1435 1203 1524 1246 Deo

155 1285 176 1306 »
191 1277 250 1311 est
273 1285 317 1312 z»
338 1269 419 1312 nisi
442 1267 544 1331 quia
566 1279 789 1330 praecepto
808 1267 1077 1312 admonitum
1104 1278 1164 1312 est
1189 1267 1377 1313 liberum
1404 1270 1526 1315 arbi-

157 1336 287 1381 trium
305 1374 316 1393 ,
345 1349 393 1383 ut
419 1348 631 1400 quaereret
652 1338 728 1382 Dei
755 1337 950 1382 donum?
979 1336 1109 1392 Quod
1134 1335 1311 1399 quidem
1335 1338 1423 1384 sine
1448 1356 1524 1402 suo

148 1405 298 1467 *fructu
322 1425 496 1470 prorsus
517 1407 844 1462 admoneretur,
875 1406 955 1451 nisi
978 1407 1099 1468 prius
1128 1406 1343 1468 acciperet
1364 1407 1529 1471 aliquid

153 1474 413 1533 dilectionis,
442 1488 490 1522 ut
510 1477 612 1522 addi
633 1477 717 1522 sibi
748 1486 962 1540 quaereret
999 1475 1114 1520 unde
1133 1476 1253 1538 quod
1283 1476 1530 1544 Jubebatur

152 1545 367 1609 impleret.
395 1550 506 1593 Cum
537 1547 699 1593 dicitur
723 1565 733 1591 :
757 1568 777 1589 «
807 1547 1044 1605 l'tiligamus
1072 1546 1275 1602 invicem,
1303 1568 1323 1588 >2
1346 1546 1410 1592 lex
1430 1558 1491 1610 est
1513 1565 1523 1593 :

152 1634 250 1663 cum
277 1618 438 1664 dicitur
460 1636 471 1664 ε
499 1619 648 1675 «Quia
663 1617 836 1663 dilectio
851 1635 897 1662 ex
914 1621 1006 1662 Deo
1029 1627 1106 1670 θεῖ,
1128 1637 1148 1657 »
1167 1616 1303 1674 gratia
1316 1628 1391 1663 est.
1417 1637 1437 1658 «
1452 1617 1526 1663 Sa-

151 1708 172 1729 »
192 1688 353 1751 pientia
374 1690 540 1753 quippe
564 1689 645 1734 Dei
684 1688 817 1747 legem
858 1697 900 1732 et
933 1685 1270 1731 misericordiam
1310 1687 1356 1731 in
1378 1687 1525 1747 lingua

149 1778 171 1799 ³)
192 1769 338 1821 portat
363 1758 396 1805 3.
422 1781 441 1800 »
461 1759 586 1804 Unde
599 1758 809 1820 scriptum
833 1768 894 1802 est
926 1757 971 1801 in
998 1755 1169 1801 Psalmo
1190 1773 1200 1800 t
1225 1777 1245 1797 «
1263 1757 1433 1802 Etenim
1449 1758 1522 1803 be-

150 1849 171 1871 »
188 1831 477 1876 nedictionem
499 1829 623 1875 dabit
639 1829 864 1892 quilegem
892 1826 1057 1873 dedit4.
1088 1847 1109 1868 »

213 1901 463 1947 XXXVIII.
494 1902 628 1945 Nemo
652 1916 750 1958 ergo
771 1915 844 1943 vos
863 1897 1002 1952 fallat,
1022 1897 1169 1942 fratres
1187 1897 1293 1952 mei,
1320 1897 1422 1960 quia
1443 1915 1520 1944 nos

148 1988 234 2016 non
248 1969 522 2031 diligeremus
542 1973 700 2024 Deum,
725 1969 803 2014 nisi
819 1985 894 2013 nos
914 1967 1138 2030 prioripse
1160 1967 1367 2026 diligeret.
1396 1967 1517 2013 Idem

148 2046 330 2087 Joannes
345 2041 608 2105 apertissime
633 2041 719 2085 hoc
745 2038 957 2093 ostendit5
984 2049 1025 2082 et
1044 2037 1152 2082 dicit
1178 2055 1188 2082 z
1215 2058 1234 2078 «
1258 2038 1342 2083 Nos
1360 2037 1516 2108 diliga-

149 2132 170 2154 >³
187 2113 408 2175 mus,quia
428 2111 517 2174 ipse
530 2112 651 2173 prior
665 2109 811 2155 dilexit
829 2125 906 2154 nos
930 2108 962 2154 5.
990 2128 1009 2149 >2
1031 2108 1179 2152 Gratia
1203 2124 1278 2151 nos
1296 2106 1401 2152 facit
1416 2108 1519 2168 legis

147 2182 391 2235 dilectores,
411 2182 474 2226 lex
494 2199 594 2227 vcro
610 2182 699 2243 ipsa
718 2181 805 2225 sine
825 2180 959 2239 gratia
986 2195 1071 2223 nou
1098 2177 1178 2222 nisi
1202 2178 1516 2240 praevaricato-

147 2272 211 2299 res
234 2253 351 2301 facit.
388 2255 440 2298 Et
459 2254 577 2316 quod
602 2250 839 2313 Discipulis
859 2251 944 2294 suis
962 2248 1069 2294 dicit
1096 2249 1306 2292 Dominus
1333 2267 1343 2292 :
1369 2270 1388 2290 c<
1412 2251 1515 2302 ‚Non

147 2345 168 2368 ι)
183 2343 255 2370 vos
274 2343 341 2370 me
359 2324 557 2382 elegistis,
577 2322 645 2368 sed
663 2338 737 2380 ego
761 2321 865 2379 elegi
886 2337 959 2365 vos
976 2321 1019 2364 6:
1042 2340 1062 2360 »
1085 2317 1197 2363 nihil
1216 2318 1332 2363 aliud
1350 2319 1517 2365 indicat

147 2396 287 2441 nobis.
315 2396 357 2440 Si
384 2395 495 2440 enim
522 2411 597 2438 nos
628 2393 746 2455 prius
775 2391 1026 2442 dileximus,
1061 2400 1108 2434 ut
1137 2388 1222 2433 hoc
1260 2389 1411 2434 merito
1438 2408 1514 2436 nos

145 2466 237 2528 ipse
255 2465 474 2524 diligeret3
502 2464 624 2527 prius
649 2462 770 2507 illum
803 2477 879 2505 nos
910 2460 1140 2518 elegimus9
1166 2469 1212 2503 ut
1232 2459 1288 2503 ab
1319 2457 1394 2503 illo
1416 2459 1515 2519 eligi

194 2557 204 2586 ¹
231 2576 244 2595 ι
272 2562 365 2596 Juan.
395 2575 440 2598 xv,
463 2575 494 2602 7.
513 2581 558 2586 ——
582 2560 598 2583 ²
616 2560 700 2593 thid.
719 2570 761 2585 -4
784 2558 797 2582 3
820 2562 911 2592 Ριον,
935 2567 988 2598 nt,
1026 2557 1063 2589 ιθ
1080 2584 1089 2598 ,
1116 2557 1204 2600 juxla
1234 2567 1306 2590 nxx.
1326 2576 1371 2582 —
1389 2555 1404 2579 ἱ
1434 2559 1514 2592 Ρεεὼ

146 2629 287 2659 mmm
309 2620 340 2654 8,
358 2634 404 2641 ·-
421 2617 434 2641 5
454 2630 464 2649 ι
489 2620 585 2651 Joan.
605 2626 653 2659 w,
678 2627 731 2657 19.
749 2633 788 2640 -—
804 2613 820 2638 ⁶
837 2618 930 2648 Joan.
945 2624 997 2653 xv,
1016 2615 1069 2645 ιδ.
1309 2668 1336 2712 3

1344 2681 1382 2713 2.
