1843 3190
291 265 383 321 408
711 280 746 313 s.
790 281 1034 313 Aususrim
1068 283 1273 313 EPISCOPI

295 343 519 409 disputata
539 345 839 402 considerans,
872 347 985 392 nihil
1006 357 1046 392 te
1070 348 1230 394 talibus
1252 347 1519 408 argumentis
1549 346 1670 411 apud

296 417 516 480 populum
546 417 592 462 in
623 417 853 463 catholicae
875 418 977 463 fidei
1012 419 1190 464 veritate
1228 430 1269 466 et
1296 420 1550 483 antiquitate
1572 419 1671 464 fun-

300 487 452 533 datum
487 505 608 548 agere
645 489 835 551 potuisse
862 489 929 535 vel
963 507 1086 552 posse
1117 491 1296 537 sensisti.
1344 490 1468 536 Unde
1493 490 1547 535 ad
1573 506 1672 535 eum

301 558 596 621 spernendum
634 561 908 605 contumacia
946 577 1094 606 rursus
1118 578 1192 606 ora
1222 562 1466 617 convertis,
1497 564 1676 623 ejusque

298 639 442 691 partes
469 629 630 691 quibus
653 640 845 685 constat,
873 648 962 676 non
995 632 1210 677 immerito
1244 632 1368 677 vobis
1399 631 1675 676 Christiano-

300 715 398 743 rum
420 698 704 744 infensissima
739 700 976 746 multitudo
998 738 1007 755 ‚
1038 702 1288 760 singillatim
1329 700 1616 747 describendo
1637 710 1679 745 et

305 767 545 812 deridendo
563 770 782 830 percurris
801 807 811 824 ‚
838 771 883 814 in
906 771 1068 834 quibus
1089 770 1159 815 et‘l
1194 792 1214 810 «
1233 770 1522 816 Auditoriales
1550 769 1681 814 scho-

302 838 475 883 lasticos
491 838 649 897 tangis,
663 849 705 884 et
715 838 824 885 dicis
841 851 995 885 contra
1009 858 1077 885 me
1099 840 1380 896 clamaturos,
1402 841 1441 886 O
1463 851 1679 903 tempora,

307 925 332 953 o
356 908 524 953 mores2
548 908 556 952 !
588 929 608 949 »
642 919 683 954 et
716 920 860 955 tamen
885 909 1005 970 vulgi
1034 911 1255 970 judicium
1283 910 1538 957 reformidas
1558 947 1570 966 ,
1606 908 1685 954 11111

307 989 397 1023 tam
447 977 656 1024 clamosos
685 980 768 1025 tibi
791 981 1105 1041 'suffragatores
1135 981 1329 1027 invenire
1366 980 1581 1044 potuisti,
1607 978 1686 1042 qui

309 1047 525 1094 Tullianis
556 1066 625 1095 me
652 1050 836 1096 vocibus
877 1051 1103 1105 territent3
1143 1051 1264 1115 quod
1299 1049 1524 1098 «Aliunde
1554 1065 1687 1113 quam

313 1119 431 1164 unde
455 1129 595 1164 totum
616 1130 695 1177 est,
723 1137 810 1165 esse
829 1131 978 1184 putem
999 1122 1227 1181 genitalem
1252 1123 1448 1184 corporis
1461 1130 1646 1184 partem.
1668 1139 1689 1160 ›>

316 1188 490 1245 Quibus
507 1206 584 1248 ego
607 1206 709 1236 cum
728 1190 914 1236 retulero
933 1228 943 1247 ‚
974 1192 1071 1236 [Non
1098 1192 1187 1237 hoc
1211 1192 1310 1237 dico
1332 1228 1344 1248 ,
1373 1192 1582 1236 mentitur
1603 1207 1613 1234 :
1639 1188 1691 1234 li-

316 1258 514 1304 bidinem
539 1259 689 1323 culpo,
707 1277 797 1306 11011
813 1261 1036 1317 membra3
1061 1262 1217 1307 vitium
1242 1261 1400 1307 denoto
1417 1299 1428 1317 ‚
1449 1278 1538 1307 non
1560 1270 1693 1306 natu-

312 1346 407 1373 ram
431 1346 442 1373 :
476 1328 554 1373 iste
584 1340 727 1375 autem
750 1331 826 1394 qui
850 1330 963 1375 mihi
987 1331 1105 1394 apud
1131 1349 1206 1376 vos
1225 1331 1537 1387 calumniatur,
1563 1329 1695 1375 audet

313 1399 360 1443 in
382 1397 573 1443 Ecclesia
594 1399 760 1445 Christi
786 1411 883 1446 ante
907 1402 1161 1460 magistrum
1185 1402 1231 1446 in
1252 1401 1365 1447 coelo
1385 1401 1603 1447 sedentem
1626 1417 1696 1445 re-

319 1470 454 1515 citare
484 1468 681 1515 libidinis
712 1470 918 1525 laudem3
947 1470 1067 1534 quod
1098 1472 1137 1517 ei
1162 1470 1435 1517 recitandum
1452 1509 1464 1528 ,
1489 1471 1523 1517 si
1547 1463 1698 1516 vobis-

321 1556 424 1584 cum
448 1538 667 1596 studeret,
689 1541 993 1601 magistrorum
1021 1558 1147 1587 nemo
1166 1552 1457 1605 proponeret,
1480 1558 1534 1586 ne
1560 1541 1698 1586 offen-

324 1609 443 1655 deret
463 1611 657 1656 omnium
683 1622 871 1657 vestrum
900 1611 1132 1675 pudorem.
1172 1613 1328 1658 Nonne
1356 1612 1439 1658 alia
1459 1613 1505 1658 in
1527 1622 1567 1657 te
1591 1609 1699 1656 Tul-

319 1681 437 1726 liana
460 1697 558 1726 vere
582 1683 883 1728 convenientia
899 1683 1034 1729 verba
1063 1694 1315 1729 convertent
1339 1720 1349 1739 ,
1372 1683 1562 1734 dicentes
1588 1681 1669 1727 tibi
1687 1717 1698 1736 ‚

325 1772 346 1791 «
366 1752 428 1796 Ex
451 1750 536 1796 hac
561 1763 685 1814 parte
706 1752 856 1815 pudor
888 1763 1086 1816 pugnat,
1121 1753 1197 1798 abs
1227 1764 1265 1799 te
1299 1753 1570 1817 petulantia;
1596 1751 1704 1797 hinc

326 1821 612 1877 continentia,
637 1821 757 1868 illinc
774 1823 915 1868 libido
932 1824 965 1870 3.
987 1845 1007 1864 »

397 1890 576 1938 XXXV.
602 1893 756 1937 Nescio
780 1909 890 1956 quos
921 1893 1051 1938 etiam
1074 1894 1196 1955 quasi
1228 1893 1461 1940 desertores
1495 1892 1708 1952 dogmatis

334 1960 464 2006 vestri
484 1961 538 2005 ad
561 1961 692 2008 fidem
713 1963 977 2008 catholicam
1001 1980 1229 2010 conversos
1250 1965 1392 2024 arguis
1413 1963 1480 2011 vel
1499 1979 1702 2009 reversos.

335 2031 456 2088 Quos
479 2041 623 2077 tamen
646 2032 897 2092 significasti
921 2034 980 2078 ita
1003 2044 1044 2078 te
1068 2044 1273 2090 metuere,
1297 2046 1346 2080 ut
1365 2051 1515 2080 eorum
1533 2033 1712 2078 nomina

335 2102 571 2164 exprimere
593 2120 678 2148 non
699 2103 878 2149 auderes
895 2124 906 2158 ;
933 2121 987 2149 ne
999 2103 1108 2149 forte
1131 2104 1350 2154 audientes
1365 2105 1442 2150 abs
1462 2115 1502 2149 te
1516 2121 1592 2149 sua
1607 2102 1713 2148 falsa

336 2172 539 2230 crimina,
565 2190 664 2218 mox
686 2173 794 2229 tibi,
822 2175 857 2219 si
883 2192 970 2220 non
995 2191 1113 2231 vera,
1141 2186 1255 2221 certe
1278 2175 1554 2221 credibiliora
1582 2190 1714 2236 repo-

337 2252 502 2288 nerent.
535 2243 668 2300 Quod
703 2244 880 2307 quidem
909 2246 1177 2308 quicumque
1208 2257 1308 2291 sunt
1336 2246 1407 2292 isti
1431 2283 1442 2301 ‚
1472 2245 1505 2290 si
1529 2244 1716 2304 graviter

337 2312 515 2374 sapiunt
529 2349 540 2368 ,
567 2331 657 2358 non
680 2313 870 2360 facerent
886 2352 898 2371 ,
921 2327 963 2360 et
975 2326 1203 2379 parcerent
1225 2316 1308 2362 tibi
1318 2315 1558 2362 secundum
1580 2317 1716 2377 Apos-

343 2381 510 2439 tolum,
538 2401 625 2429 non
659 2385 887 2431 reddentes
916 2386 1196 2432 maledictum
1220 2404 1301 2449 pro
1332 2383 1608 2432 maledicto&
1650 2384 1719 2428 Tu

342 2463 488 2499 autem
512 2453 662 2500 saltem
686 2455 812 2502 illum
836 2468 1085 2502 monentem
1110 2474 1164 2502 ne
1188 2457 1433 2518 dedigneris
1458 2456 1605 2502 audire
1625 2492 1636 2512 ‚
1667 2453 1721 2500 de

390 2552 401 2574 ¹
422 2554 523 2595 Supra
538 2552 597 2584 hb.
619 2564 652 2585 2.
671 2565 743 2597 cap.
766 2554 867 2586 ultim.
887 2573 931 2579 -—
950 2553 966 2576 2
982 2558 1073 2588 Orat.
1102 2566 1132 2587 1.
1152 2555 1183 2587 iu
1209 2556 1301 2588 Catil.
1330 2562 1361 2589 ct
1377 2562 1440 2589 act.
1455 2557 1487 2589 6.
1508 2555 1542 2588 in
1567 2558 1720 2587 Verrem.

342 2625 387 2630 —
412 2606 425 2630 3
445 2608 557 2641 Cicero
575 2609 684 2642 oratio.
708 2622 739 2642 2.
755 2610 789 2642 in
809 2609 992 2642 Catilinam.
1007 2628 1051 2634 —
1070 2608 1083 2633 ⁴
1108 2621 1122 2641 1
1144 2613 1228 2645 Petr.
1250 2622 1304 2651 111,
1323 2623 1354 2653 9.
