1843 3190
10 685 16 776 ἱ

329 317 504 351 comm
538 312 763 351 summum
799 312 1103 359 pumannum,
1142 317 1229 350 mn.
1271 320 1323 350 11.
1416 305 1500 368 173

133 383 207 431 sed
226 383 425 432 adversus
446 385 559 448 ipsas
576 393 742 429 nostras
761 381 1022 446 cupiditates
1037 419 1049 439 ,
1072 399 1151 445 per
1174 399 1281 446 quas
1298 395 1340 428 et
1355 384 1419 429 illi
1436 401 1503 430 ex-

135 456 308 501 teriores
341 455 507 501 inimici
538 471 614 499 nos
645 452 856 513 dejicere,
893 453 960 498 vel
986 463 1210 515 penetrare
1243 452 1497 501 moliuntur.

135 526 187 570 In
206 526 294 571 hoc
310 525 424 571 bello
448 536 489 571 et
506 524 647 587 ipsam
665 541 837 570 carnem
858 522 1143 569 adversariam
1168 540 1340 583 gravem
1368 523 1499 580 dicit,

134 599 257 655 cujus
280 595 429 658 utique
444 605 598 640 natura
617 594 730 640 sicut
746 593 947 657 primitus
967 593 1144 639 condita
1165 604 1252 649 est,
1273 594 1502 639 nobiscum

134 665 468 711 concordissima
490 675 785 728 permaneret,
812 663 894 709 nisi
920 663 1052 727 primi
1077 663 1266 709 hominis
1289 663 1504 726 praevari-

134 736 301 781 catione
324 737 501 791 vitiata,
540 753 616 781 suo
645 736 877 781 nobiscum
911 733 1118 794 languore
1151 734 1412 794 confligeret.
1452 734 1503 778 In

133 806 220 852 hoc
246 807 362 852 bello
380 807 451 852 ille
470 807 537 852 vir
562 817 734 852 sanctus
750 817 898 852 monet
914 823 991 851 nos
1009 805 1218 851 saeeulum
1236 806 1419 864 effugere
1432 840 1442 859 ,
1464 814 1505 848 et

134 876 179 922 in
199 894 247 923 ea
269 877 370 938 fuga
390 887 553 941 quanta
580 877 632 922 sit
652 876 884 923 difficultas
899 913 910 932 ,
941 876 1028 921 imo
1049 874 1371 939 impossibilitas
1386 911 1397 930 ,
1424 873 1504 918 nisi

135 947 215 992 Dei
232 948 367 1007 gratia
381 947 619 1011 opituletur
634 985 644 1004 ,
665 947 864 994 ostendit.
887 946 1004 992 Dicit
1020 957 1189 992 mortua
1204 945 1380 1009 quidem
1401 944 1506 990 vitia

132 1034 212 1081 per
230 1018 520 1063 remissionem
540 1019 586 1063 in
605 1019 868 1081 baptismate
890 1018 1082 1063 omnium
1100 1027 1379 1080 peccatorum
1401 1052 1411 1071 ,
1432 1013 1503 1059 scd

134 1104 284 1134 eorum
307 1105 384 1134 nos
407 1105 560 1134 curare
587 1087 743 1134 debere
770 1088 961 1151 quodam
988 1087 1121 1133 modo
1145 1087 1427 1151 sepulturam.
1453 1085 1507 1129 Et

132 1158 179 1204 in
199 1159 286 1205 hoc
312 1160 408 1223 ipso
432 1177 559 1223 opere
584 1158 713 1204 talem
738 1158 946 1204 describit
973 1175 1074 1205 cum
1092 1158 1205 1205 vitiis
1231 1158 1409 1203 mortuis
1431 1171 1508 1200 nos

134 1228 297 1275 habere
320 1230 598 1285 conflictum,
631 1240 680 1275 ut
713 1246 802 1274 non
831 1228 951 1293 quod
982 1228 1184 1275 volumus
1212 1244 1411 1288 agamus,
1436 1224 1507 1270 sed

133 1300 253 1364 quod
277 1300 378 1347 odio
399 1301 611 1347 habemus
630 1338 641 1357 ,
663 1300 751 1346 hoc
769 1299 980 1346 faciamus
1001 1318 1012 1345 ε
1034 1300 1171 1346 multa
1189 1300 1234 1345 in
1257 1299 1384 1345 nobis
1400 1313 1509 1360 pec-

134 1381 281 1417 catum
301 1372 427 1417 nobis
447 1371 766 1418 reluctantibus
783 1371 980 1435 operari,
1008 1371 1222 1418 redivivas
1250 1370 1509 1433 plerumque

133 1457 350 1503 resurgere
365 1443 612 1507 voluptates
632 1461 642 1488 ε
662 1442 922 1488 luctandum
943 1442 1068 1487 nobis
1086 1459 1171 1488 esse
1198 1441 1400 1487 adversus
1418 1455 1509 1484 car-

134 1528 254 1565 nem,
273 1513 477 1560 adversus
492 1531 624 1578 quam
642 1513 833 1559 luctatus
848 1523 907 1558 est
926 1513 1089 1558 Paulus
1105 1512 1283 1576 quando
1303 1511 1478 1556 dicebat
1496 1525 1506 1552 ε

135 1601 156 1622 c<
179 1582 315 1628 Video
340 1583 467 1629 aliam
490 1583 627 1644 legem
651 1585 697 1629 in
722 1583 931 1629 membris
955 1583 1060 1628 meis
1084 1592 1397 1646 repugnantem
1427 1581 1510 1640 legi

135 1673 156 1694 ›>
174 1654 330 1699 mentis
356 1654 504 1700 meaess.
531 1676 552 1696 »
575 1654 785 1717 Praecipit
809 1671 862 1699 ne
888 1654 1008 1699 carni
1035 1664 1194 1699 nostrae
1211 1653 1481 1699 confidamus
1496 1689 1506 1707 ,

134 1739 188 1768 ne
211 1741 288 1769 nos
305 1724 343 1769 ei
369 1723 621 1781 credamus,
651 1741 752 1770 cum
780 1723 1011 1787 Apostolus
1027 1723 1183 1769 clamet
1200 1760 1210 1778 ,
1240 1744 1258 1763 α
1287 1722 1386 1768 Scio
1410 1721 1511 1784 quia

135 1812 157 1834 >³
174 1811 263 1839 non
285 1794 458 1839 habitat
477 1794 522 1840 in
543 1811 610 1839 me
627 1831 637 1851 ,
665 1794 711 1839 id
730 1804 817 1848 est,
840 1794 885 1839 in
906 1810 1033 1840 carne
1053 1810 1147 1838 mea
1174 1793 1341 1838 bonum
1366 1810 1376 1836 ι
1404 1791 1511 1836 velle

135 1865 290 1909 »enim
316 1864 484 1924 adjacet
505 1863 640 1921 mihi,
663 1865 870 1927 perficere
901 1874 1044 1909 autem
1074 1863 1242 1909 bonum
1271 1880 1359 1908 non
1389 1862 1513 1907 inve-

136 1954 158 1975 »
175 1934 289 1980 nio2.
315 1956 336 1976 >³
357 1936 470 1980 Ecce
487 1945 696 1997 quantam
713 1951 792 1979 nos
808 1950 1003 1997 pugnam
1028 1950 1128 1979 cum
1151 1933 1332 1978 mortuis
1350 1932 1512 1976 hahere

136 2005 324 2067 peccatis
341 2042 351 2061 ,
376 2005 446 2050 ille
469 2015 668 2050 strenuus
702 2005 867 2051 Christi
891 2004 1011 2049 miles
1028 2042 1038 2060 ,
1073 2014 1114 2049 et
1145 2003 1349 2049 Ecclesiae
1374 2002 1512 2047 fidelis

137 2075 292 2121 doctor
311 2075 512 2123 ostendit.
542 2075 778 2132 Quomodo
798 2076 909 2121 enim
932 2085 1160 2138 peccatum
1186 2085 1407 2119 mortuum
1430 2083 1508 2127 est,

137 2163 237 2191 cum
261 2146 397 2192 multa
423 2156 625 2208 operetur
651 2146 696 2191 in
724 2146 851 2191 nobis
869 2145 1184 2191 reluctantibus
1210 2145 1368 2189 nobis?
1400 2144 1511 2199 Quae

137 2215 307 2261 multa?
335 2216 415 2260 nisi
442 2215 650 2260 desideria
672 2216 801 2260 stulta
820 2226 860 2259 et
883 2216 1003 2260 noxia
1019 2252 1029 2270 ,
1068 2231 1168 2277 quae
1200 2213 1511 2259 consentientes

137 2296 338 2345 mergunt
353 2286 394 2330 in
414 2285 633 2330 interitum
654 2295 694 2330 et
710 2285 995 2348 perditionem
1011 2304 1021 2337 3
1041 2301 1141 2346 quae
1158 2284 1308 2346 utique
1322 2282 1507 2346 perpeti,

138 2357 283 2419 eisque
318 2372 409 2400 non
442 2356 685 2401 consentire
702 2393 712 2410 ,
762 2366 979 2400 certamen
1023 2365 1082 2399 est
1097 2391 1107 2406 ‚
1151 2354 1379 2399 conflictus
1420 2363 1480 2398 est
1496 2387 1507 2403 ‚

137 2443 285 2489 pugna
310 2426 413 2472 cst3.
441 2427 639 2482 Quorum
660 2442 806 2488 pugna
826 2463 835 2480 ,
863 2426 945 2471 nisi
968 2425 1074 2470 boui
1099 2435 1139 2470 et
1166 2424 1264 2469 mali
1286 2460 1295 2477 ,
1322 2441 1406 2468 non
1432 2440 1513 2467 na·-

143 2506 250 2541 turae
288 2495 490 2541 adversus
527 2506 753 2550 naturam,
791 2495 864 2540 sed
891 2505 1059 2540 naturae
1097 2494 1299 2539 adversus
1329 2493 1508 2545 vitium,

134 2567 225 2624 jam
245 2576 497 2623 mortuum,
523 2564 595 2610 sed
617 2564 765 2611 adhuc
790 2563 1113 2629 sepeliendum,
1147 2563 1192 2611 id
1221 2573 1309 2619 est,
1336 2561 1512 2606 omnino

188 2643 198 2668 ¹
220 2648 464 2691 Rom,x·1t,23,
480 2644 654 2681 -21bid.
675 2647 729 2696 ῐ8ἶ
748 2664 791 2671 —-
807 2644 820 2669 3
843 2657 855 2678 x
874 2646 959 2681 Tim.
978 2655 1022 2683 vx,
1043 2657 1074 2687 9.
