1843 3190
82 283 257 313 CONTRA
293 281 406 312 DUAs
442 284 673 315 EPJSTOLAS
712 286 1080 328 PELAGIANORUM,
1119 290 1206 320 Lm.
1249 293 1307 324 1v.
1382 280 1443 327 65

79 348 186 427 quid
204 350 410 412 quoniam
434 351 624 395 nascenti
648 369 695 396 ex
722 351 859 397 Adam
889 370 959 398 reo
991 353 1196 399 adhibuit
1225 373 1444 416 regenera-

78 430 206 465 tloms
230 420 528 481 purgationem
545 458 556 473 ‚
579 421 676 466 ideo
700 423 837 468 Deum
859 424 1030 482 negavit
1054 426 1322 472 nascentium
1342 446 1444 474 con-

76 492 285 568 ditorem?
308 490 530 552 Numquid
547 491 647 553 quia
667 502 859 537 metuens
876 493 1039 538 animas
1056 495 1288 553 cujuslibet
1307 501 1444 545 aetatis

75 578 236 625 perire,
265 561 390 606 etiam
419 571 516 604 ante
545 560 657 605 diem
688 573 892 606 octavum
917 561 1165 609 liberandas
1190 583 1276 612 esse
1297 585 1445 614 sacra-

75 642 220 709 mento
243 631 450 692 baptismi
471 648 568 676 cum
591 631 851 691 collegarum
876 634 1059 678 concilio
1085 636 1325 694 judicavit,
1346 640 1444 686 ideo

75 712 252 764 nuptias
272 702 511 754 accusavit3
531 701 886 765 quandoquidem
907 703 949 747 in
969 704 1133 750 infante
1153 705 1239 751 sive
1258 707 1311 752 de
1346 726 1447 754 con-

69 773 217 833 jugio,
245 773 332 818 sive
347 772 400 817 de
419 771 628 816 adulterio
644 809 654 827 ‚
677 782 817 817 tamen
838 773 940 835 quia
960 773 1093 819 homo
1118 786 1242 821 natus
1269 789 1353 831 est,
1375 797 1447 825 re-

36 873 37 911 {
76 853 217 889 centes
235 843 316 889 Dei
334 858 485 887 manus
509 841 660 900 dignas
686 842 813 886 etiam
839 842 986 887 osculo
1013 844 1133 906 pacis
1157 848 1377 893 ostendit?
1403 851 1448 895 Si

35 922 37 977 j
75 930 175 973 ergo
199 914 346 976 potuit
382 922 556 957 sanctus
586 912 816 975 episcopus
845 923 887 956 et
920 924 1087 976 martyr
1120 915 1448 974 gloriosissimus

35 995 37 1037 ξ
75 985 323 1046 Cyprianus
361 995 591 1045 peccatum
631 982 838 1041 originale
879 983 923 1026 in
957 983 1199 1030 infantibus
1234 988 1449 1034 medicina

34 1062 36 1097 i
77 1053 242 1101 Christi
266 1069 435 1098 censere
459 1051 701 1097 sanandum
718 1088 728 1105 ‚
763 1052 879 1097 salva
904 1052 1032 1097 laude
1070 1065 1303 1112 creaturae,
1333 1059 1449 1105 salva

34 1126 35 1137 ³
73 1122 201 1169 laude
220 1123 504 1185 nuptiarum3
527 1139 605 1167 cur
623 1122 785 1166 novitia
804 1121 1065 1184 pestilentia,
1090 1140 1189 1169 cum
1212 1125 1340 1172 istum
1361 1146 1450 1174 non

33 1196 35 1201 ⁴
74 1193 232 1239 audeat
247 1193 388 1239 dicere
406 1192 703 1238 Manichaeum
717 1229 726 1248 ,
741 1192 972 1237 catholicis
989 1193 1065 1255 qui
1087 1194 1164 1239 ista
1188 1195 1427 1243 defendunt

31 1313 33 1319 A
73 1275 122 1310 ut
144 1264 321 1323 obtegat
356 1261 611 1326 proprium,
637 1272 766 1326 putat
805 1262 1103 1320 objiciendum
1142 1264 1307 1313 crimen
1342 1237 1450 1313 alie-’-

72 1337 206 1380 num?
232 1334 342 1379 Ecce
358 1332 745 1396 praedicatissimus
765 1341 973 1377 tractator
987 1331 1234 1379 divinorum
1256 1336 1450 1400 eloquio-

12 1424 15 1430 ’
72 1422 171 1450 rum
190 1442 201 1460 ‚
230 1415 457 1467 antequam
485 1414 616 1449 terras
638 1413 803 1448 nostras
820 1402 888 1448 vel
915 1403 1189 1449 tenuissimus
1214 1405 1324 1450 odor
1351 1409 1448 1452 Ma-

30 1479 32 1492 ;
71 1475 256 1521 nichaeae
268 1474 524 1537 pestilentiae
545 1473 747 1532 tetigisset
767 1472 854 1517 sine
876 1471 962 1516 ulla
981 1473 1299 1535 vituperatione
1314 1476 1452 1522 divini

17 1603 19 1605 ι
73 1544 221 1621 operis.
238 1554 366 1606 atque
390 1543 645 1606 nuptiarum
665 1579 675 1594 ‚
704 1543 938 1587 confitetur
962 1542 1170 1601 originale
1192 1558 1447 1606 peccatum,

71 1631 160 1660 non
178 1613 326 1659 dicens
347 1613 574 1658 Christum
599 1612 688 1657 ulla
712 1613 881 1674 peccati
901 1610 1071 1655 macula
1098 1629 1317 1674 aspersum
1337 1651 1347 1669 ‚
1372 1632 1452 1661 nec

28 1692 31 1742 ζ
73 1695 215 1730 tamen
248 1684 285 1729 ei
306 1700 562 1746 comparans
588 1699 761 1727 carnem
785 1683 957 1744 peccati
981 1680 1025 1725 in
1053 1683 1331 1727 nascentibus
1362 1701 1453 1730 cae-

27 1780 29 1795 ι
72 1756 200 1811 teris,
227 1754 389 1818 quibus
423 1770 501 1816 per
533 1751 859 1798 similitudinem
896 1751 1040 1795 carnis
1066 1752 1237 1814 peccati
1262 1753 1454 1799 munda-

10 1851 29 1890 '.
73 1827 202 1872 tionis
225 1835 401 1889 praestet
423 1823 630 1870 auxilium
657 1840 667 1867 :
695 1839 774 1867 nec
793 1821 969 1881 originis
1001 1822 1243 1866 animarum
1266 1823 1452 1869 obscura

8 1895 27 1934 f
72 1897 312 1960 quaestione
350 1905 566 1950 terretur,
615 1892 847 1955 quominus
876 1908 977 1947 eos,
1017 1891 1093 1954 qui
1128 1891 1292 1936 Christi
1316 1895 1452 1952 gratia

26 2015 27 2028 χ
72 1968 316 2016 liberantur
333 2004 344 2023 ‚
371 1967 416 2011 in
437 1964 689 2029 paradisum
708 1979 897 2008 remeare
917 1962 1118 2008 fateatur.
1153 1963 1381 2025 Numquid
1405 1977 1453 2010 ex

76 2039 216 2085 Adam
235 2038 343 2083 dicit
367 2037 413 2082 in
440 2035 641 2081 homines
661 2033 810 2078 mortis
840 2032 1131 2078 conditionem
1165 2032 1253 2076 sine
1284 2035 1454 2095 peccati

25 2139 27 2177 Ξ
75 2107 331 2169 contagione
353 2107 584 2153 transisse?
610 2105 711 2149 Non
730 2103 843 2148 enim
861 2113 1042 2165 propter
1056 2102 1252 2164 corporis
1270 2113 1449 2148 mortem

24 2185 26 2193 ’
76 2178 299 2226 vitandam
317 2215 327 2234 ,
350 2177 421 2222 sed
441 2186 622 2240 propter
641 2182 874 2236 peccatum
894 2208 905 2226 ‚
931 2171 1051 2234 quod
1069 2188 1149 2233 per
1171 2187 1304 2215 unum
1323 2172 1452 2217 intra-

23 2245 26 2321 ξ
75 2252 140 2298 vit
162 2251 209 2296 in
231 2246 448 2294 mundum
463 2283 474 2302 ‚
508 2244 617 2290 dicit
647 2259 727 2305 per
749 2241 1018 2304 baptismum
1042 2240 1236 2303 parvulis
1257 2242 1451 2303 quamli-

22 2350 25 2388 ,³
76 2323 153 2369 bet
176 2322 231 2367 ab
255 2330 376 2366 utero
399 2314 700 2363 recentissimis
720 2311 956 2357 subveniri.

140 2391 278 2439 XXV.
308 2391 332 2435 J
339 2405 510 2435 amvero
535 2385 717 2447 gratiam
747 2382 828 2427 Dei
849 2380 1220 2445 quemadmodum
1247 2381 1450 2430 adversus

77 2465 180 2510 istos
196 2461 409 2526 praedicet
429 2457 693 2522 CyprianUS,
718 2453 795 2499 ubi
812 2452 866 2498 de
885 2452 1094 2497 Oratione
1110 2451 1339 2497 Dominica
1359 2453 1452 2499 dis-

21 2588 23 2599 ,
78 2543 208 2598 putat
224 2531 443 2581 evidenter
469 2537 664 2593 apparet.
686 2525 757 2573 Ait
775 2523 891 2570 enim
917 2540 928 2567 :
952 2543 973 2564 «
992 2521 1212 2579 Dicimus,
1242 2521 1452 2569 Sanctifi-

209 2632 344 2666 cxm.
1298 2603 1328 2649 5
