1843 3190
88 245 262 278 CONTRA
297 243 410 276 DUAS
445 242 681 276 EPISTOLAS
717 240 1085 284 PELAGIANORUM,
1123 241 1215 273 LIB·
1252 243 1314 275 IV.
1405 226 1463 289 75

90 312 315 376 ceptioniS.
348 332 367 351 «
395 307 677 356 lte'm'contra
705 304 970 374 novatianos
994 307 1186 352 scribens
1214 326 1224 352 :
1252 329 1272 349 «
1304 307 1468 353 Omnes

88 383 284 428 homines
306 418 316 436 ‚
344 379 534 443 inclui't‘l,
565 380 647 424 su'b
676 380 860 441 peccato
880 379 1121 424 nascimur.‘
1155 376 1351 443 Quorum
1377 379 1467 440 ipse

89 463 222 497 ortus
238 451 283 495 in
314 451 418 496 vitio
443 460 504 495 est
524 486 533 503 ‚
574 450 688 494 sicut
710 445 848 492 habes
876 447 1037 492 lectum
1058 483 1068 503 ‚
1096 446 1268 492 dicente
1292 447 1428 492 David
1453 465 1462 491 ε

89 543 111 564 «
138 524 248 567 Ecce
263 522 376 567 enim
397 522 441 566 in
459 520 764 582 iniquitatibus
783 529 1020 582 conceptus
1035 535 1129 563 sum
1146 555 1156 574 ,
1179 527 1220 563 et
1234 518 1279 563 in
1299 517 1468 562 'delictis

89 611 111 634 >2
133 591 302 654 peperit
332 608 398 635 me
420 600 556 634 mater
585 590 717 635 mea2.
737 603 766 630 ἰ)
794 590 903 634 Item
927 589 975 633 ‘in
993 588 1215 651 'Apologia‘
1240 587 1470 650 pro‘plietae

92 659 234 706 David
257 677 267 704 :
290 681 310 700 α
333 661 576 723 Antequam
605 659 1046 721 nascamur,‘inquit‚
1074 657 1343 702 maculamur
1365 673 1469 702 con-

89 731 206 790 tagio
227 767 236 784 ‚
260 740 300 774 et
321 743 419 774 ante
445 746 617 774 usuram
642 728 750 774 lucis
782 729 960 787 originis
982 727 1120 791 'ipsius
1140 728 1379 790 accipimus
1400 727 1472 771 in-

85 800 274 860 juriam,
300 799 344 844 in
381 799 613 862 iniquitate
653 799 965 861 concipimur:
995 821 1013 840 »
1048 799 1158 843 ltem
1192 797 1247 843 de
1282 797 1471 842 Domino

91 870 271 934 loquens
295 887 305 914 ε
331 890 350 910 <c
372 870 561 928 Dignum
583 870 739 914 etenim
764 868 872 923 fuit,
901 869 1072 931 inquit,
1099 867 1245 930 utqui
1273 884 1359 912 non
1379 876 1471 911 erat

92 940 327 985 habiturus
346 947 566 1002 corporeae
588 949 816 1002 peccatum
839 939 1131 1001 prolapsionis
1150 974 1160 992 ,
1182 937 1351 982 nullum
1371 953 1471 981 sen-

94 1010 191 1054 tiret
214 1010 498 1068 generationis
521 1009 719 1054 naturale
737 1009 1001 1067 contagium.
1032 1008 1186 1053 Merito
1205 1015 1305 1065 ergo*
1329 1005 1473 1051 David

58 1112 66 1113 ff
93 1080 295 1125 flebiliter
319 1079 364 1124 in
389 1096 431 1143 se
454 1079 701 1142 deploravit
728 1080 820 1141 ipsa
858 1078 1184 1141 inquinamenta
1209 1087 1404 1131 naturae,
1432 1085 1473 1120 et

92 1150 212 1215 quod
230 1150 352 1213 prius
376 1150 586 1213 inciperet
604 1151 647 1195 in
663 1151 840 1195 homine
855 1149 1025 1194 macula
1045 1160 1176 1212 quam
1197 1148 1298 1193 vita.
1324 1170 1343 1189 υ
1362 1149 1472 1191 Item

95 1222 149 1267 de
173 1223 297 1267 Arca.
314 1221 407 1265 No'e
438 1238 448 1265 ε
478 1243 495 1262 «
518 1222 601 1265 Per
620 1238 754 1266 unum
776 1221 925 1280 igitur,
949 1220 1110 1282 inquit,
1135 1217 1372 1263 Dominum
1398 1217 1474 1261 Je-

94 1308 187 1336 sum
213 1291 324 1336 salus
350 1302 531 1336 ventura
555 1292 806 1336 nationibus
820 1290 1084 1344 declaratur,
1106 1288 1182 1352 qni
1202 1287 1313 1333 solus
1327 1287 1476 1350 potuit

90 1365 231 1420 jtisttis
253 1378 340 1407 esse
357 1397 367 1417 ⁷
393 1378 492 1407 cum
518 1362 734 1421 generatio
761 1361 901 1406 omnis
919 1370 1104 1416 erraret,
1132 1376 1220 1404 non
1245 1358 1303 1403 oh
1322 1357 1441 1403 aliud
1460 1393 1470 1412 ‚

96 1432 175 1476 nisi
194 1431 295 1494 quia
315 1442 440 1477 natus
464 1449 509 1476 ex
535 1432 698 1491 virgine
722 1431 1006 1491 generationis
1027 1428 1225 1475 obnoxiae
1248 1427 1474 1491 privilegio

96 1502 273 1547 minime
290 1512 520 1548 teneretur.
556 1524 573 1541 «
596 1504 732 1557 licce5
762 1502 932 1564 inquit,
963 1501 1006 1545 in
1033 1498 1341 1561 iniquitatibus
1372 1514 1475 1542 con-

97 1593 118 1613 »
145 1582 297 1634 ceptus
324 1588 419 1616 sum
437 1609 446 1627 ‚
478 1582 518 1617 et
553 1572 597 1616 in
630 1571 799 1617 delictis
840 1571 1012 1634 peperit
1051 1586 1117 1614 me
1142 1578 1278 1613 mater
1301 1584 1395 1612 mea
1418 1583 1429 1610 ε
1455 1566 1474 1608 >5

97 1641 207 1687 dicit
243 1642 277 1685 is
307 1641 380 1703 qui
409 1645 550 1700 justus
575 1658 667 1704 prae
697 1641 863 1686 caeteris
889 1641 1141 1703 putabatur.
1173 1639 1312 1694 Quem
1342 1636 1475 1696 igitur

92 1716 182 1772 jam
201 1715 367 1771 J'ustum
397 1712 574 1756 dixerim
597 1749 606 1767 ‚
650 1712 730 1756 nisi
763 1711 920 1756 horum
948 1711 1134 1755 liberum
1168 1707 1442 1753 vinculorum
1463 1742 1473 1761 ,

100 1798 229 1845 quem
257 1792 424 1826 naturae
446 1782 690 1827 communis
707 1781 883 1826 vincula
911 1798 998 1826 non
1016 1780 1216 1825 teneant?
1241 1799 1258 1818 >x
1283 1777 1395 1822 Eece
1411 1776 1478 1822 Vir

101 1863 297 1904 sanctus,
318 1851 477 1911 Pelagii
496 1869 670 1916 quoque
694 1852 940 1896 testimonio
962 1852 1007 1896 in
1025 1849 1110 1895 fide
1128 1847 1345 1893 catholica
1368 1863 1476 1909 pro-

101 1923 370 1976 batissimus,
393 1923 643 1981 Pelagianos
662 1934 864 1983 negantes
884 1921 1091 1982 originale
1112 1929 1341 1983 peccatum
1358 1927 1478 1962 tanta

101 1992 446 2037 manifestatione
469 1993 712 2053 redarguit3
743 2010 821 2038 nec
848 2003 991 2038 tamen
1015 2008 1115 2036 cum
1133 1988 1388 2035 Manichaeis
1413 1985 1480 2033 vel

102 2064 244 2109 Deum
277 2063 545 2108 nascentium
575 2064 846 2109 conditorem
877 2073 1031 2122 negat,
1058 2060 1127 2107 vel
1161 2058 1335 2122 nuptias
1371 2074 1478 2121 quas

105 2135 220 2179 Deus
241 2133 429 2178 instituit
451 2144 492 2178 et
510 2133 729 2179 benedixit
750 2145 938 2179 accusat.

168 2204 308 2249 XXX.
351 2203 573 2262 Pelagiani
598 2204 754 2249 dicunt
778 2205 833 2249 ab
861 2203 1036 2248 homine
1062 2201 1255 2264 incipere
1277 2197 1479 2243 meritum

103 2290 182 2337 per
205 2273 393 2318 liberum
412 2275 638 2320 arbitrium
655 2313 665 2331 ‚
688 2276 758 2321 cui
781 2276 895 2320 Deus
914 2274 1176 2336 subsequens
1194 2269 1342 2330 gratiae
1362 2267 1483 2313 retri-

104 2345 214 2389 buat
231 2343 548 2403 adjtimentum.
571 2345 709 2390 Etiam
732 2345 806 2390 hic
823 2362 894 2391 eos
908 2343 1072 2389 refellat
1086 2339 1354 2387 venerandus
1372 2339 1481 2382 Am-

104 2413 276 2459 brosius
295 2450 306 2470 ‚
333 2413 481 2459 dicens
508 2415 553 2459 in
582 2415 850 2478 expositione
880 2416 1003 2459 Isa'iae
1028 2411 1262 2476 prophetae
1286 2427 1297 2453 :
1323 2430 1343 2450 α
1366 2407 1482 2464 Quia

105 2483 298 2530 humana
312 2501 416 2529 cura
430 2484 519 2529 sine
535 2484 684 2531 divina
699 2501 782 2549 ope
802 2484 1024 2531 imbecilla
1042 2492 1104 2529 est
1120 2480 1175 2528 ad
1195 2478 1477 2531 medendum,

156 2567 167 2588 ¹
180 2565 253 2600 Lib.
270 2578 284 2598 1
300 2566 340 2599 de
353 2567 467 2600 Poenit.
480 2577 548 2610 cap.
562 2569 596 2602 3.
611 2586 658 2592 -
670 2566 780 2601 2ΡειιΙ.
795 2579 826 2606 1.,
843 2579 875 2609 7.
1202 2564 1205 2565 ⁷
1231 2562 1234 2563 ⁷
