1843 3190
333 252 423 301 272
754 249 787 280 S.
831 247 1073 280 AUGUSTINI
1107 247 1312 280 EPISCOPI

332 329 419 363 tem
440 316 579 363 libido
603 314 699 361 ideo
720 314 885 359 malum
912 330 1000 359 non
1025 325 1088 360 est
1111 314 1155 359 in
1174 313 1331 359 belluis
1348 349 1360 369 ‚
1389 312 1593 376 quoniam
1614 330 1703 359 non

333 398 546 452 repugnat
565 385 751 441 rationi,
786 401 872 448 qua
900 395 1062 432 carent.
1094 389 1185 431 Cur
1215 395 1358 429 autem
1389 401 1478 429 non
1504 383 1700 440 creditis,

332 458 587 505 hominibus
605 457 649 501 in
671 454 874 519 paradiso
897 455 1143 501 constitutis
1167 465 1264 500 ante
1289 464 1518 517 peccatum
1543 453 1706 500 divini-

336 541 404 575 tus
423 528 613 592 potuisse
640 525 851 583 concedi,
889 537 937 572 ut
962 525 1198 589 tranquilla
1221 525 1412 570 motione
1431 535 1472 570 et
1491 529 1707 584 conjunc-

335 599 451 645 tione
470 597 536 644 vel
551 595 853 642 commixtione
874 596 1171 642 membrorum
1194 595 1283 640 sine
1297 593 1385 640 ulla
1400 594 1582 640 libidine
1599 593 1709 639 filios

335 677 638 733 procrearent3
664 677 736 712 aut
751 667 795 712 in
809 666 866 712 eis
882 666 1030 712 saltem
1048 664 1188 711 libido
1206 664 1301 710 talis
1315 675 1445 721 esset,
1473 668 1596 724 cujus
1614 680 1708 709 mo-

338 750 408 784 tus
432 755 512 783 nec
535 736 826 800 praecederet,
848 753 928 782 nec
949 735 1168 781 excederet
1184 734 1480 781 voluntatem?
1502 736 1569 780 An
1588 733 1712 780 vobis

340 807 480 854 libido
501 823 659 869 parum
683 817 744 851 est
768 807 870 868 quia
892 806 1061 868 placet,
1093 805 1174 849 nisi
1196 814 1238 849 et
1266 804 1364 850 talis
1387 804 1583 867 placeat,
1614 820 1713 867 quae

342 877 533 925 nolentes
566 876 696 921 etiam
734 885 1108 939 repugnantesque
1134 873 1362 919 sollicitet?
1388 874 1452 919 De
1471 891 1557 937 qua
1584 873 1714 918 Pela-

342 946 458 1007 giani
481 944 659 1009 quidem
677 946 807 991 etiam
827 944 976 990 litibus
1000 944 1255 1005 gloriantur,
1275 954 1480 1007 tanquam
1499 944 1552 989 de
1570 943 1715 1006 aliquo

343 1018 462 1064 bono
484 1034 494 1061 :
519 1015 604 1062 Sed
627 1016 756 1062 etiam
781 1014 930 1061 Sancti
959 1014 1188 1074 gemitibus
1216 1014 1495 1071 confitentur,
1532 1024 1581 1060 ut
1602 1012 1717 1059 libe-

342 1098 493 1134 rentur
511 1105 534 1133 a
551 1086 680 1134 malo.

410 1159 613 1206 XXXVI.
655 1179 675 1200 «
697 1157 900 1203 Ridenda
932 1157 1237 1203 contrarietate
1266 1173 1334 1201 me
1364 1155 1516 1201 dixisse
1551 1155 1720 1202 calum-

344 1232 474 1277 niaris
490 1267 502 1287 ,
523 1229 628 1275 alios
650 1246 743 1275 reos
764 1246 813 1274 ex
833 1230 952 1274 bono
968 1266 979 1285 ‚
998 1229 1101 1274 alios
1120 1238 1291 1274 sanctos
1315 1244 1362 1272 ex
1379 1227 1492 1273 malo
1515 1243 1644 1290 opere
1665 1243 1676 1270 ι
1699 1247 1719 1266 >)

347 1301 554 1366 quoniam
583 1299 698 1345 dixi‘l
724 1317 735 1344 ι
762 1321 783 1341 <‹
802 1300 1070 1363 Nuptiarum
1105 1300 1272 1344 bonum
1300 1297 1497 1342 homines
1528 1296 1721 1343 infideles

347 1370 577 1418 infideliter
589 1369 769 1426 utendo,
788 1370 830 1415 in
850 1370 1012 1415 malum
1024 1380 1342 1433 peccatumque
1358 1378 1607 1413 convertere
1622 1386 1634 1419 3
1656 1382 1723 1411 eo-

350 1459 434 1506 que
464 1440 595 1487 modo
630 1440 993 1503 concupiscentiae
1036 1440 1202 1485 malum
1244 1448 1490 1484 convertere
1530 1436 1723 1483 fidelium

350 1513 528 1577 nuptias
564 1513 610 1557 in
648 1529 774 1558 usum
793 1512 990 1571 justitiae.
1014 1532 1034 1553 »
1059 1512 1122 1557 Ac
1154 1527 1232 1573 per
1260 1510 1347 1555 hoc
1371 1527 1458 1554 non
1482 1509 1593 1565 dixi,
1621 1508 1725 1554 alios

350 1599 445 1629 reos
467 1600 515 1628 ex
539 1599 667 1645 opere
692 1583 807 1627 bono
823 1618 834 1638 ‚
859 1581 932 1627 sed
953 1598 1000 1626 ex
1031 1598 1161 1643 opere
1184 1579 1298 1625 malo
1313 1617 1322 1635 ‚
1343 1597 1431 1642 quo
1454 1579 1565 1624 male
1587 1589 1725 1624 utun-

353 1664 425 1699 tur
449 1653 576 1699 bonis
594 1673 606 1706 ς
635 1669 714 1697 nec
739 1652 841 1697 alios
872 1661 1041 1697 sanctos
1058 1668 1104 1696 ex
1122 1667 1252 1714 opere
1271 1649 1386 1694 malo
1403 1686 1413 1705 ‚
1440 1649 1512 1695 sed
1532 1667 1579 1694 ex
1599 1665 1727 1712 opere

354 1723 498 1779 bono,
536 1739 623 1785 quo
649 1722 759 1767 bene
793 1731 977 1767 utuntur
1013 1720 1150 1766 malis.
1183 1719 1229 1765 Si
1261 1736 1349 1763 non
1375 1719 1437 1764 vis
1460 1719 1694 1778 intelligere
1712 1755 1723 1774 ‚

355 1803 430 1839 aut
452 1793 486 1838 si
502 1804 543 1838 te
560 1792 686 1852 fingis
710 1809 799 1837 non
818 1791 1080 1851 intelligere3
1106 1789 1194 1836 noli
1212 1789 1459 1852 obstrepere
1483 1788 1729 1836 volentibus

356 1875 398 1909 et
416 1863 662 1910 valentibus
680 1862 931 1922 intelligere.

420 1934 647 1980 XXXVII.
691 1955 710 1975 α
738 1934 785 1978 Si
825 1933 978 1996 aliquis
1009 1932 1149 1978 malus
1180 1930 1310 1977 condi
1341 1941 1484 1993 posset
1506 1968 1518 1987 ,
1553 1931 1696 1994 inquis
1715 1967 1726 1986 ‚

357 2021 584 2068 nunquam
606 2003 652 2049 in
669 2004 838 2048 bonum
861 2002 1083 2048 ablutione
1096 1996 1307 2047 transiret.
1335 2022 1357 2042 »
1382 2001 1444 2045 Eo
1469 2001 1599 2046 modo
1617 2000 1727 2046 dice⁴

357 2093 421 2121 res
435 2113 445 2131 ‚
467 2091 626 2137 corpus
646 2073 765 2137 quod
800 2073 980 2118 mortale
1002 2072 1231 2118 conditum
1251 2081 1338 2126 est,
1365 2071 1458 2116 fieri
1488 2070 1733 2116 immortale

358 2164 445 2193 non
471 2163 592 2209 posse
620 2163 631 2190 z
660 2156 701 2190 ct
730 2156 872 2190 tamen
893 2155 940 2190 ut
958 2144 1066 2189 illud
1086 2181 1096 2199 ‚
1120 2145 1180 2189 ita
1206 2149 1246 2188 et
1271 2143 1358 2187 hoc
1375 2141 1532 2188 falsum
1550 2142 1725 2188 diceres.

361 2219 458 2263 Non
488 2217 601 2262 enim
628 2218 744 2261 Deus
764 2215 926 2261 malum
948 2214 1176 2270 condidit,
1204 2231 1304 2259 cum
1330 2213 1550 2259 hominem
1577 2212 1734 2259 condi-

359 2287 452 2333 dit:
477 2286 550 2332 secl
587 2287 754 2331 bonum
790 2286 910 2348 quod
945 2286 1035 2349 ipse
1070 2285 1295 2339 condidit,
1324 2283 1486 2328 malum
1524 2283 1660 2328 trahit
1688 2299 1735 2328 ex

361 2367 564 2421 peccato,
593 2355 713 2418 quod
746 2356 835 2418 ipse
868 2373 957 2401 non
996 2356 1212 2411 condidit3
1246 2365 1286 2399 et
1309 2364 1429 2399 sanat
1460 2354 1545 2399 hoc
1572 2353 1736 2399 malum

357 2427 475 2492 quod
493 2427 582 2489 ipse
602 2443 690 2470 non
715 2426 913 2471 condidit
939 2427 983 2471 in
1008 2427 1124 2470 bono
1143 2425 1262 2488 quod
1290 2423 1502 2471 condidit.

425 2496 676 2542 XXXVlll.
721 2497 831 2540 Cum
855 2506 998 2540 autem
1026 2512 1208 2542 nosnon
1231 2494 1444 2549 dicamus,
1468 2515 1487 2534 «
1512 2495 1737 2540 Daemones

362 2566 593 2614 instituisse
622 2565 891 2612 connubium
913 2603 924 2622 ‚
964 2582 1044 2611 nec
1082 2564 1328 2611 seminalem
1367 2581 1486 2610 sexus
1518 2566 1738 2627 utriusque

390 2650 459 2682 Lib.
488 2661 514 2680 1.
533 2648 572 2680 de
587 2649 688 2691 Nupt.
710 2654 740 2680 et
760 2649 902 2692 Concup,
922 2658 990 2691 cap.
1014 2654 1045 2684 4.
