1843 3190
224 380 398 412 CONTRA
430 375 657 410 JULIANUM
692 370 996 424 ΡΕιΛριΑΝυΜ,
1035 384 1122 416 mn.
1169 387 1211 416 v.
1308 372 1394 434 371

33 445 234 494 adversus
246 446 447 510 spiritum
459 465 470 499 ;
492 462 580 490 non
597 442 706 490 illud
715 483 725 501 ,
744 456 792 491 ut
802 447 977 510 spiritus
989 449 1192 497 adversus
1205 468 1394 499 carnem.

31 518 115 563 Per
137 534 269 581 quam
296 516 694 579 concupiscentiam
715 515 876 563 bonam
901 520 950 563 fit
966 556 976 573 ,
1005 530 1053 565 ut
1070 521 1149 566 nisi
1168 538 1297 569 causa
1320 540 1398 584 ge-

32 589 210 634 nerandi
230 604 317 634 non
329 598 508 634 utantur
523 588 727 645 conjuges
751 587 893 632 carnis
912 588 1114 647 libidine,
1133 608 1183 638 ac
1208 592 1268 638 sic
1286 594 1400 639 malo

31 668 211 704 utantur
227 659 336 704 bene
365 676 376 702 :
401 657 482 720 'qui
506 672 606 701 usus
633 657 775 701 bonus
800 657 1018 705 malifacit
1036 660 1267 708 honestum
1295 680 1404 709 con—

26 728 232 775 cubitum
244 743 426 792 vereque
442 727 681 790 nuptialem
703 744 715 772 t
737 729 973 791 voluptatis
988 741 1129 777 autem
1145 748 1290 788 causa,
1314 751 1402 780 non

29 799 184 862 prolis,
204 798 310 844 facit.
328 798 613 845 concubitum
648 797 933 861 culpabilem,
961 801 1033 847 sed
1056 802 1101 847 in
1122 807 1306 863 conjuge
1323 820 1402 851 ve-

30 870 201 917 nialem.
229 870 334 915 Ideo
352 880 492 915 autem
512 879 552 914 et
569 868 622 914 de
640 869 824 914 honesto
844 871 1086 918 concubitu
1105 874 1181 936 qui
1197 875 1403 936 nascitur,

0 992 1 1002 ἵ
31 940 167 985 trahit
187 940 306 1003 quod
329 939 591 986 renascendo
621 939 844 993 diluatur-3
885 941 986 1004 quia
1020 944 1129 988 etin
1167 945 1408 996 concubitu

28 1010 211 1056 honesto
246 1011 355 1056 inest
381 1009 565 1065 malum,
605 1026 693 1072 quo
729 1010 840 1055 bene
868 1012 1008 1057 utitur
1036 1013 1208 1059 bonitas
1231 1016 1406 1079 nuptia-

28 1096 141 1128 rum.
173 1081 259 1127 Sed
281 1098 368 1128 non
395 1081 516 1126 obest
533 1081 712 1136 renatis,
736 1081 857 1143 quod
878 1082 1029 1129 oberat
1054 1084 1178 1131 natis.
1215 1086 1341 1131 Unde
1360 1087 1409 1132 fit

29 1167 311 1214 consequens,
335 1151 476 1214 utqui
504 1168 549 1196 ex
572 1150 631 1196 eis
654 1151 862 1206 nascitur,
886 1161 926 1197 et
951 1152 1013 1198 illi
1043 1153 1156 1199 obsit
1177 1155 1210 1200 si
1231 1173 1318 1201 non
1338 1174 1408 1202 re-

28 1232 244 1269 nascatur.

37 1311 39 1315 ¹
93 1291 250 1339 LXIV.
276 1294 344 1338 Tu
372 1309 472 1337 sane
497 1292 608 1336 inter
636 1292 1029 1351 argumentationes
1048 1303 1158 1349 tuas,
1184 1295 1347 1358 quibus
1370 1307 1408 1342 te

26 1361 214 1409 inaniter
247 1361 449 1409 adversus
479 1379 573 1408 mea
598 1362 730 1407 verba
765 1372 1050 1426 contorques,
1091 1363 1327 1410 identidem
1369 1378 1410 1412 te

29 1434 300 1479 Manichaeos
319 1433 525 1493 adjuvare
549 1449 637 1477 non
660 1432 793 1478 vides.
824 1432 926 1478 Ideo
945 1434 1111 1497 quippe
1138 1435 1216 1480 tibi
1237 1435 1409 1482 videtur

27 1514 154 1550 natus
180 1504 233 1550 de
255 1505 495 1550 concubitu
519 1503 739 1563 conjugali
768 1520 856 1548 non
877 1504 1049 1550 trahere
1068 1505 1276 1564 originale
1297 1525 1407 1570 pec-

26 1583 176 1619 catum
201 1591 212 1619 ε
236 1596 257 1616 c<
282 1574 399 1631 Quia
422 1574 476 1619 de
499 1574 587 1618 hoc
611 1590 740 1636 opere
765 1573 883 1636 quod
908 1591 993 1619 non
1035 1574 1171 1620 habet
1201 1576 1376 1641 culpam
1392 1615 1403 1634 ,

26 1644 163 1699 nasci,
196 1645 308 1690 sicut
333 1644 459 1698 dicis,
480 1643 611 1706 culpa
632 1660 719 1688 non
749 1654 905 1706 potest.
939 1644 1030 1689 Cur
1063 1661 1163 1705 ergo
1188 1644 1241 1691 de
1280 1663 1408 1710 opere

31 1714 112 1759 Dei
134 1715 254 1778 quod
283 1732 371 1760 non
402 1715 596 1760 habebat
621 1714 818 1778 culpam,
860 1725 959 1760 nata
998 1725 1058 1760 est
1082 1715 1215 1779 culpa
1249 1717 1405 1777 angeli,

30 1795 133 1840 nata
147 1786 279 1849 culpa
298 1785 521 1831 hominis?
543 1786 692 1830 Cernis
705 1795 918 1848 quantum
939 1785 997 1830 eis
1016 1786 1276 1846 suffrageris,
1295 1805 1410 1851 quo-

28 1871 129 1902 rum
154 1857 435 1903 detestatione
458 1873 541 1901 con
551 1856 632 1901 aris
651 1857 870 1915 obtegere,
896 1856 1015 1919 quod
1039 1856 1239 1903 adversus
1257 1859 1407 1904 catho-

28 1925 160 1972 licam
199 1927 331 1973 fidem
364 1925 710 1972 fundatissimam
752 1927 894 1972 sentis.
937 1927 983 1970 Si
1015 1927 1127 1971 enim
1171 1928 1410 1976 secundum

31 1996 299 2045 definitivam
317 2009 440 2043 tuam
466 2015 477 2042 ε
506 2019 526 2039 «
553 1999 616 2042 De
640 1997 726 2041 hoc
745 2013 874 2059 opere
901 1996 1019 2059 quod
1046 2014 1133 2042 nou
1158 1996 1294 2043 habet
1314 1999 1407 2044 cul-

28 2085 154 2131 pam,
180 2070 299 2114 nasci
322 2067 451 2132 culpa
489 2085 577 2113 non
616 2078 756 2130 potest
783 2084 793 2110 :
820 2089 838 2108 n
869 2084 968 2112 ecce
1015 2067 1132 2112 nulla
1157 2084 1287 2130 opera
1329 2069 1408 2115 Dei

31 2139 198 2185 habent
219 2140 395 2203 culpam
418 2158 428 2184 :
469 2140 584 2185 unde
599 2139 732 2198 igitur
749 2138 882 2201 culpa
915 2149 1016 2183 nata
1038 2142 1128 2184 est?
1153 2139 1238 2184 Hic
1259 2140 1409 2185 Mani-

0 2230 3 2251 ι
59 2208 186 2254 haeus
211 2220 250 2254 te
270 2210 523 2269 adiuvante,
541 2209 667 2254 aliam
691 2219 911 2264 naturam,
929 2209 1040 2254 sicut
1059 2209 1234 2271 desipit,
1251 2209 1412 2256 malam

0 2316 3 2326 .
32 2278 213 2327 molitur
256 2280 477 2335 inducere,
505 2290 554 2325 ut
583 2280 615 2324 si
642 2279 757 2324 unde
781 2279 911 2342 culpa
935 2290 1036 2324 nata
1063 2297 1147 2325 esse
1173 2280 1407 2327 credatur:

0 2377 8 2385 -
35 2368 59 2398 a«
77 2349 193 2405 Quia
215 2349 268 2395 de
283 2367 409 2413 opere
425 2351 517 2406 Dei,
550 2350 789 2395 secundum
811 2360 882 2395 tua
896 2351 1029 2395 verba
1053 2350 1183 2413 culpa
1203 2368 1290 2396 non
1318 2369 1413 2397 nas-

0 2438 9 2466 e
37 2472 39 2475 v
63 2418 164 2467 itur.
192 2443 214 2463 ³>
235 2420 461 2485 Numquid
479 2431 619 2483 potest
638 2421 756 2466 vinci
792 2421 1081 2476 Manichaeus,
1110 2421 1190 2465 nisi
1206 2438 1306 2467 cum
1338 2422 1413 2468 illo

0 2509 13 2539 is
58 2491 182 2553 tipse
194 2492 408 2538 vincaris?
445 2492 560 2548 Quia
573 2502 615 2536 et
635 2491 810 2551 angelus
830 2502 870 2536 et
902 2491 1038 2537 homo
1056 2492 1135 2536 Dei
1156 2502 1257 2537 sunt
1283 2509 1413 2555 opera

0 2588 15 2609 i*
54 2561 123 2608 ine
145 2563 306 2626 culpa3
339 2578 387 2607 ex
405 2563 566 2625 quibus
593 2572 735 2607 tamen
767 2561 898 2625 culpa
927 2573 1029 2607 nata
1054 2573 1132 2615 est,
1153 2560 1257 2606 dum
1280 2562 1336 2606 ab
1360 2577 1410 2607 eo

0 2642 18 2680 at
96 2634 255 2697 iculpa
268 2644 401 2690 caret,
419 2651 497 2696 per
518 2634 707 2679 liberum
721 2633 953 2679 arbitrium
980 2642 1266 2688 recesserunt,
1292 2630 1411 2696 quod

1168 2729 1240 2783 24.
