<?xml version="1.0" encoding="UTF-8"?>
<!DOCTYPE html PUBLIC "-//W3C//DTD XHTML 1.0 Transitional//EN"
    "http://www.w3.org/TR/xhtml1/DTD/xhtml1-transitional.dtd">
<html xmlns="http://www.w3.org/1999/xhtml" xml:lang="en" lang="en">
 <head>
  <title>
</title>
<meta http-equiv="Content-Type" content="text/html;charset=utf-8" />
  <meta name='ocr-system' content='tesseract 3.04.00' />
  <meta name='ocr-capabilities' content='ocr_page ocr_carea ocr_par ocr_line ocrx_word'/>
</head>
<body>
  <div class='ocr_page' id='page_1' title='image "./operaomniaaccura35auguuoft/operaomniaaccura35auguuoft_0195.png"; bbox 0 0 1843 3190; ppageno 0'>
   <div class='ocr_carea' id='block_1_1' title="bbox 9 825 18 1484">
    <p class='ocr_par' dir='ltr' id='par_1_1' title="bbox 9 825 18 1484">
     <span class='ocr_line' id='line_1_1' title="bbox 9 825 18 1484; textangle 90"><span class='ocrx_word' id='word_1_1' title='bbox 13 1478 15 1484; x_wconf 38' lang='grc'>5</span> <span class='ocrx_word' id='word_1_2' title='bbox 11 1439 15 1468; x_wconf 55' lang='lat'>„—</span> <span class='ocrx_word' id='word_1_3' title='bbox 12 1393 16 1422; x_wconf 75' lang='grc'>,-</span> <span class='ocrx_word' id='word_1_4' title='bbox 9 825 18 1383; x_wconf 40' lang='lat' dir='ltr'>A„2---2-—-p.m.—-=—-------—---.„</span> 
     </span>
    </p>
   </div>
   <div class='ocr_carea' id='block_1_2' title="bbox 0 0 1843 8">
    <p class='ocr_par' dir='ltr' id='par_1_2' title="bbox 0 0 1843 8">
     <span class='ocr_line' id='line_1_2' title="bbox 0 0 1843 8; baseline 0 3182"><span class='ocrx_word' id='word_1_5' title='bbox 0 0 1843 8; x_wconf 95' lang='lat' dir='ltr'> </span> 
     </span>
    </p>
   </div>
   <div class='ocr_carea' id='block_1_3' title="bbox 304 314 1476 371">
    <p class='ocr_par' dir='ltr' id='par_1_3' title="bbox 304 314 1476 371">
     <span class='ocr_line' id='line_1_3' title="bbox 304 314 1476 371; baseline -0.001 -10"><span class='ocrx_word' id='word_1_6' title='bbox 304 331 476 362; x_wconf 46' lang='lat' dir='ltr'>coarat&amp;</span> <span class='ocrx_word' id='word_1_7' title='bbox 510 331 737 363; x_wconf 78' lang='lat' dir='ltr'><strong>JULIANUM</strong></span> <span class='ocrx_word' id='word_1_8' title='bbox 771 329 1074 371; x_wconf 77' lang='lat' dir='ltr'><strong>PELAGIANUM‚</strong></span> <span class='ocrx_word' id='word_1_9' title='bbox 1112 331 1200 361; x_wconf 76' lang='lat' dir='ltr'>Lm.</span> <span class='ocrx_word' id='word_1_10' title='bbox 1242 331 1312 362; x_wconf 88' lang='lat'>111.</span> <span class='ocrx_word' id='word_1_11' title='bbox 1391 314 1476 360; x_wconf 85' lang='lat'>185</span> 
     </span>
    </p>
   </div>
   <div class='ocr_carea' id='block_1_4' title="bbox 109 397 1499 2559">
    <p class='ocr_par' dir='ltr' id='par_1_4' title="bbox 109 397 1487 1017">
     <span class='ocr_line' id='line_1_4' title="bbox 110 397 1484 460; baseline -0.001 -17"><span class='ocrx_word' id='word_1_12' title='bbox 110 398 234 444; x_wconf 88' lang='lat' dir='ltr'>vobis</span> <span class='ocrx_word' id='word_1_13' title='bbox 266 397 414 460; x_wconf 82' lang='lat' dir='ltr'>potius</span> <span class='ocrx_word' id='word_1_14' title='bbox 447 398 503 442; x_wconf 89' lang='lat' dir='ltr'>ab</span> <span class='ocrx_word' id='word_1_15' title='bbox 528 398 793 460; x_wconf 77' lang='lat' dir='ltr'>Imperatore</span> <span class='ocrx_word' id='word_1_16' title='bbox 818 412 1077 459; x_wconf 84' lang='lat' dir='ltr'>responsum</span> <span class='ocrx_word' id='word_1_17' title='bbox 1113 406 1203 451; x_wconf 81' lang='lat' dir='ltr'>est,</span> <span class='ocrx_word' id='word_1_18' title='bbox 1231 416 1253 437; x_wconf 82' lang='lat'>›&gt;</span> <span class='ocrx_word' id='word_1_19' title='bbox 1289 412 1366 440; x_wconf 90' lang='lat' dir='ltr'>cur</span> <span class='ocrx_word' id='word_1_20' title='bbox 1394 412 1484 441; x_wconf 91' lang='lat' dir='ltr'>non</span> 
     </span>
     <span class='ocr_line' id='line_1_5' title="bbox 110 466 1484 530; baseline -0.002 -18"><span class='ocrx_word' id='word_1_21' title='bbox 110 469 156 513; x_wconf 90' lang='lat' dir='ltr'>in</span> <span class='ocrx_word' id='word_1_22' title='bbox 176 467 368 512; x_wconf 85' lang='lat' dir='ltr'>medium</span> <span class='ocrx_word' id='word_1_23' title='bbox 400 467 606 530; x_wconf 81' lang='lat' dir='ltr'>prosilitis</span> <span class='ocrx_word' id='word_1_24' title='bbox 622 504 633 523; x_wconf 88' lang='grc'>,</span> <span class='ocrx_word' id='word_1_25' title='bbox 663 478 705 512; x_wconf 89' lang='lat' dir='ltr'>et</span> <span class='ocrx_word' id='word_1_26' title='bbox 724 467 812 512; x_wconf 93' lang='lat' dir='ltr'>hoc</span> <span class='ocrx_word' id='word_1_27' title='bbox 842 467 956 512; x_wconf 87' lang='lat' dir='ltr'>ultro</span> <span class='ocrx_word' id='word_1_28' title='bbox 980 466 1171 529; x_wconf 84' lang='lat' dir='ltr'>publicis</span> <span class='ocrx_word' id='word_1_29' title='bbox 1197 466 1484 529; x_wconf 82' lang='lat' dir='ltr'>potestatibus</span> 
     </span>
     <span class='ocr_line' id='line_1_6' title="bbox 112 536 1478 600; baseline -0.002 -17"><span class='ocrx_word' id='word_1_30' title='bbox 112 537 299 597; x_wconf 82' lang='lat' dir='ltr'>allegatis</span> <span class='ocrx_word' id='word_1_31' title='bbox 322 575 332 594; x_wconf 84' lang='lat'><strong><em>‚</em></strong></span> <span class='ocrx_word' id='word_1_32' title='bbox 378 555 453 584; x_wconf 76' lang='lat' dir='ltr'>vos</span> <span class='ocrx_word' id='word_1_33' title='bbox 490 555 575 583; x_wconf 80' lang='lat' dir='ltr'>esse</span> <span class='ocrx_word' id='word_1_34' title='bbox 619 549 905 584; x_wconf 79' lang='lat' dir='ltr'>monstrantes</span> <span class='ocrx_word' id='word_1_35' title='bbox 923 575 934 594; x_wconf 82' lang='lat'>,</span> <span class='ocrx_word' id='word_1_36' title='bbox 974 554 1161 600; x_wconf 87' lang='lat' dir='ltr'>quorum</span> <span class='ocrx_word' id='word_1_37' title='bbox 1200 536 1478 582; x_wconf 78' lang='lat' dir='ltr'>Christianus</span> 
     </span>
     <span class='ocr_line' id='line_1_7' title="bbox 109 606 1480 670; baseline -0.001 -19"><span class='ocrx_word' id='word_1_38' title='bbox 109 607 315 670; x_wconf 81' lang='lat' dir='ltr'>princeps</span> <span class='ocrx_word' id='word_1_39' title='bbox 340 608 603 670; x_wconf 69' lang='lat' dir='ltr'>approbavit</span> <span class='ocrx_word' id='word_1_40' title='bbox 621 608 786 653; x_wconf 55' lang='lat' dir='ltr'>fidem?</span> <span class='ocrx_word' id='word_1_41' title='bbox 812 608 972 652; x_wconf 86' lang='lat' dir='ltr'>Verum</span> <span class='ocrx_word' id='word_1_42' title='bbox 992 607 1027 651; x_wconf 82' lang='lat' dir='ltr'>si</span> <span class='ocrx_word' id='word_1_43' title='bbox 1052 607 1133 651; x_wconf 80' lang='lat' dir='ltr'>Dei</span> <span class='ocrx_word' id='word_1_44' title='bbox 1155 606 1291 665; x_wconf 79' lang='lat' dir='ltr'>legem</span> <span class='ocrx_word' id='word_1_45' title='bbox 1314 623 1401 651; x_wconf 90' lang='lat' dir='ltr'>non</span> <span class='ocrx_word' id='word_1_46' title='bbox 1419 606 1480 651; x_wconf 90' lang='lat' dir='ltr'>si—</span> 
     </span>
     <span class='ocr_line' id='line_1_8' title="bbox 112 674 1483 739; baseline -0.001 -18"><span class='ocrx_word' id='word_1_47' title='bbox 112 687 186 721; x_wconf 90' lang='lat' dir='ltr'>cut</span> <span class='ocrx_word' id='word_1_48' title='bbox 206 694 290 721; x_wconf 67' lang='lat' dir='ltr'>sese</span> <span class='ocrx_word' id='word_1_49' title='bbox 310 677 462 731; x_wconf 70' lang='lat' dir='ltr'>habet,</span> <span class='ocrx_word' id='word_1_50' title='bbox 497 676 568 721; x_wconf 88' lang='lat' dir='ltr'>sed</span> <span class='ocrx_word' id='word_1_51' title='bbox 591 677 701 722; x_wconf 79' lang='lat' dir='ltr'>sieut</span> <span class='ocrx_word' id='word_1_52' title='bbox 725 676 849 722; x_wconf 80' lang='lat' dir='ltr'>vobis</span> <span class='ocrx_word' id='word_1_53' title='bbox 875 676 1041 739; x_wconf 69' lang='lat' dir='ltr'>placet,</span> <span class='ocrx_word' id='word_1_54' title='bbox 1070 675 1306 734; x_wconf 77' lang='lat' dir='ltr'>intelligitis</span> <span class='ocrx_word' id='word_1_55' title='bbox 1328 692 1338 719; x_wconf 90' lang='lat'><strong>:</strong></span> <span class='ocrx_word' id='word_1_56' title='bbox 1374 674 1483 738; x_wconf 84' lang='lat' dir='ltr'>quid</span> 
     </span>
     <span class='ocr_line' id='line_1_9' title="bbox 111 745 1484 809; baseline -0.001 -19"><span class='ocrx_word' id='word_1_57' title='bbox 111 746 268 790; x_wconf 80' lang='lat' dir='ltr'>miram</span> <span class='ocrx_word' id='word_1_58' title='bbox 290 746 323 790; x_wconf 81' lang='lat' dir='ltr'>si</span> <span class='ocrx_word' id='word_1_59' title='bbox 341 757 381 790; x_wconf 83' lang='lat' dir='ltr'>et</span> <span class='ocrx_word' id='word_1_60' title='bbox 405 746 457 791; x_wconf 75' lang='lat' dir='ltr'>de</span> <span class='ocrx_word' id='word_1_61' title='bbox 485 747 574 805; x_wconf 72' lang='lat' dir='ltr'>lege</span> <span class='ocrx_word' id='word_1_62' title='bbox 597 747 876 809; x_wconf 78' lang='lat' dir='ltr'>Imperatoris</span> <span class='ocrx_word' id='word_1_63' title='bbox 898 747 985 791; x_wconf 92' lang='lat' dir='ltr'>hoc</span> <span class='ocrx_word' id='word_1_64' title='bbox 1007 746 1175 791; x_wconf 63' lang='lat' dir='ltr'>facitis‘.3</span> <span class='ocrx_word' id='word_1_65' title='bbox 1211 745 1295 789; x_wconf 70' lang='lat' dir='ltr'>Sed</span> <span class='ocrx_word' id='word_1_66' title='bbox 1321 745 1419 789; x_wconf 71' lang='lat' dir='ltr'>h‘cec</span> <span class='ocrx_word' id='word_1_67' title='bbox 1443 755 1484 789; x_wconf 87' lang='lat' dir='ltr'>te</span> 
     </span>
     <span class='ocr_line' id='line_1_10' title="bbox 112 814 1484 879; baseline -0.001 -20"><span class='ocrx_word' id='word_1_68' title='bbox 112 815 214 859; x_wconf 83' lang='lat' dir='ltr'>alias</span> <span class='ocrx_word' id='word_1_69' title='bbox 233 827 511 860; x_wconf 70' lang='lat' dir='ltr'>executurum</span> <span class='ocrx_word' id='word_1_70' title='bbox 539 816 708 878; x_wconf 85' lang='lat' dir='ltr'>plenius</span> <span class='ocrx_word' id='word_1_71' title='bbox 726 816 958 879; x_wconf 80' lang='lat' dir='ltr'>polliceris.</span> <span class='ocrx_word' id='word_1_72' title='bbox 988 815 1121 872; x_wconf 72' lang='lat' dir='ltr'>Quod</span> <span class='ocrx_word' id='word_1_73' title='bbox 1141 815 1175 860; x_wconf 88' lang='lat' dir='ltr'>si</span> <span class='ocrx_word' id='word_1_74' title='bbox 1196 814 1344 859; x_wconf 80' lang='lat' dir='ltr'>feceris</span> <span class='ocrx_word' id='word_1_75' title='bbox 1364 851 1375 870; x_wconf 82' lang='grc'><em>,</em></span> <span class='ocrx_word' id='word_1_76' title='bbox 1409 825 1484 859; x_wconf 89' lang='lat' dir='ltr'>aut</span> 
     </span>
     <span class='ocr_line' id='line_1_11' title="bbox 113 884 1487 943; baseline 0 -15"><span class='ocrx_word' id='word_1_77' title='bbox 113 884 398 943; x_wconf 80' lang='lat' dir='ltr'>redarguetur</span> <span class='ocrx_word' id='word_1_78' title='bbox 437 886 549 930; x_wconf 84' lang='lat' dir='ltr'>sicut</span> <span class='ocrx_word' id='word_1_79' title='bbox 588 886 842 932; x_wconf 75' lang='lat' dir='ltr'>insidiosum</span> <span class='ocrx_word' id='word_1_80' title='bbox 867 905 878 939; x_wconf 80' lang='lat'><em>3</em></span> <span class='ocrx_word' id='word_1_81' title='bbox 923 897 997 931; x_wconf 84' lang='lat' dir='ltr'>aut</span> <span class='ocrx_word' id='word_1_82' title='bbox 1037 895 1338 931; x_wconf 81' lang='lat' dir='ltr'>contemnetur</span> <span class='ocrx_word' id='word_1_83' title='bbox 1375 884 1487 929; x_wconf 89' lang='lat' dir='ltr'>sicut</span> 
     </span>
     <span class='ocr_line' id='line_1_12' title="bbox 111 955 586 1017; baseline 0.006 -18"><span class='ocrx_word' id='word_1_84' title='bbox 111 955 254 1005; x_wconf 69' lang='lat' dir='ltr'>inane,</span> <span class='ocrx_word' id='word_1_85' title='bbox 279 956 398 1017; x_wconf 77' lang='lat' dir='ltr'>quod</span> <span class='ocrx_word' id='word_1_86' title='bbox 423 956 586 1003; x_wconf 82' lang='lat' dir='ltr'>feceris,</span> 
     </span>
    </p>

    <p class='ocr_par' dir='ltr' id='par_1_5' title="bbox 111 1023 1499 2559">
     <span class='ocr_line' id='line_1_13' title="bbox 178 1023 1488 1089; baseline 0.002 -21"><span class='ocrx_word' id='word_1_87' title='bbox 178 1025 252 1070; x_wconf 86' lang='lat' dir='ltr'>lV.</span> <span class='ocrx_word' id='word_1_88' title='bbox 282 1026 424 1080; x_wconf 85' lang='lat' dir='ltr'>Quam</span> <span class='ocrx_word' id='word_1_89' title='bbox 447 1043 548 1071; x_wconf 78' lang='lat' dir='ltr'>vero</span> <span class='ocrx_word' id='word_1_90' title='bbox 565 1026 683 1071; x_wconf 86' lang='lat' dir='ltr'>lauta</span> <span class='ocrx_word' id='word_1_91' title='bbox 703 1037 744 1070; x_wconf 92' lang='lat' dir='ltr'>et</span> <span class='ocrx_word' id='word_1_92' title='bbox 764 1026 910 1089; x_wconf 87' lang='lat' dir='ltr'>lepida</span> <span class='ocrx_word' id='word_1_93' title='bbox 933 1037 992 1071; x_wconf 78' lang='lat' dir='ltr'>est</span> <span class='ocrx_word' id='word_1_94' title='bbox 1007 1026 1238 1086; x_wconf 80' lang='lat' dir='ltr'>gratulatio</span> <span class='ocrx_word' id='word_1_95' title='bbox 1259 1036 1351 1080; x_wconf 82' lang='lat' dir='ltr'>tua,</span> <span class='ocrx_word' id='word_1_96' title='bbox 1366 1023 1488 1087; x_wconf 83' lang='lat' dir='ltr'>quod</span> 
     </span>
     <span class='ocr_line' id='line_1_14' title="bbox 113 1094 1487 1158; baseline 0.001 -20"><span class='ocrx_word' id='word_1_97' title='bbox 113 1111 251 1139; x_wconf 84' lang='lat' dir='ltr'>unum</span> <span class='ocrx_word' id='word_1_98' title='bbox 279 1094 388 1139; x_wconf 82' lang='lat' dir='ltr'>dicis</span> <span class='ocrx_word' id='word_1_99' title='bbox 430 1113 643 1154; x_wconf 76' lang='lat' dir='ltr'>egressum</span> <span class='ocrx_word' id='word_1_100' title='bbox 661 1133 672 1151; x_wconf 83' lang='lat'>‚</span> <span class='ocrx_word' id='word_1_101' title='bbox 713 1097 789 1158; x_wconf 87' lang='lat' dir='ltr'>qui</span> <span class='ocrx_word' id='word_1_102' title='bbox 814 1097 859 1141; x_wconf 92' lang='lat' dir='ltr'>in</span> <span class='ocrx_word' id='word_1_103' title='bbox 881 1114 922 1141; x_wconf 88' lang='lat' dir='ltr'>se</span> <span class='ocrx_word' id='word_1_104' title='bbox 946 1113 1159 1141; x_wconf 87' lang='lat' dir='ltr'>summam</span> <span class='ocrx_word' id='word_1_105' title='bbox 1180 1096 1324 1158; x_wconf 76' lang='lat' dir='ltr'>praelii</span> <span class='ocrx_word' id='word_1_106' title='bbox 1359 1096 1487 1140; x_wconf 85' lang='lat' dir='ltr'>sitam</span> 
     </span>
     <span class='ocr_line' id='line_1_15' title="bbox 113 1164 1482 1226; baseline 0.001 -18"><span class='ocrx_word' id='word_1_107' title='bbox 113 1175 236 1226; x_wconf 87' lang='lat' dir='ltr'>optat</span> <span class='ocrx_word' id='word_1_108' title='bbox 272 1164 455 1224; x_wconf 82' lang='lat' dir='ltr'>intelligi</span> <span class='ocrx_word' id='word_1_109' title='bbox 474 1185 484 1218; x_wconf 90' lang='lat'>;</span> <span class='ocrx_word' id='word_1_110' title='bbox 516 1165 716 1211; x_wconf 73' lang='lat' dir='ltr'>videlicet</span> <span class='ocrx_word' id='word_1_111' title='bbox 737 1177 784 1211; x_wconf 91' lang='lat' dir='ltr'>ut</span> <span class='ocrx_word' id='word_1_112' title='bbox 801 1167 1040 1226; x_wconf 88' lang='lat' dir='ltr'>Pelagianis</span> <span class='ocrx_word' id='word_1_113' title='bbox 1052 1177 1100 1211; x_wconf 92' lang='lat' dir='ltr'>tu</span> <span class='ocrx_word' id='word_1_114' title='bbox 1116 1165 1296 1211; x_wconf 86' lang='lat' dir='ltr'>videaris</span> <span class='ocrx_word' id='word_1_115' title='bbox 1319 1164 1482 1220; x_wconf 79' lang='lat' dir='ltr'>David,</span> 
     </span>
     <span class='ocr_line' id='line_1_16' title="bbox 113 1235 1489 1298; baseline 0 -20"><span class='ocrx_word' id='word_1_116' title='bbox 113 1251 190 1292; x_wconf 88' lang='lat' dir='ltr'>ego</span> <span class='ocrx_word' id='word_1_117' title='bbox 215 1244 356 1279; x_wconf 89' lang='lat' dir='ltr'>autem</span> <span class='ocrx_word' id='word_1_118' title='bbox 382 1235 542 1281; x_wconf 84' lang='lat' dir='ltr'>Golias.</span> <span class='ocrx_word' id='word_1_119' title='bbox 574 1235 763 1291; x_wconf 74' lang='lat' dir='ltr'>Videris,</span> <span class='ocrx_word' id='word_1_120' title='bbox 789 1237 822 1281; x_wconf 88' lang='lat' dir='ltr'>si</span> <span class='ocrx_word' id='word_1_121' title='bbox 842 1247 890 1281; x_wconf 85' lang='lat' dir='ltr'>tu</span> <span class='ocrx_word' id='word_1_122' title='bbox 909 1237 994 1281; x_wconf 88' lang='lat' dir='ltr'>hoc</span> <span class='ocrx_word' id='word_1_123' title='bbox 1019 1235 1224 1280; x_wconf 76' lang='lat' dir='ltr'>induxisti</span> <span class='ocrx_word' id='word_1_124' title='bbox 1244 1246 1424 1298; x_wconf 88' lang='lat' dir='ltr'>pactum</span> <span class='ocrx_word' id='word_1_125' title='bbox 1446 1244 1489 1279; x_wconf 90' lang='lat' dir='ltr'>et</span> 
     </span>
     <span class='ocr_line' id='line_1_17' title="bbox 112 1303 1490 1366; baseline 0.001 -19"><span class='ocrx_word' id='word_1_126' title='bbox 112 1303 326 1366; x_wconf 82' lang='lat' dir='ltr'>placitum</span> <span class='ocrx_word' id='word_1_127' title='bbox 349 1321 449 1349; x_wconf 87' lang='lat' dir='ltr'>cum</span> <span class='ocrx_word' id='word_1_128' title='bbox 473 1305 712 1364; x_wconf 52' lang='lat' dir='ltr'>pelagianis</span> <span class='ocrx_word' id='word_1_129' title='bbox 730 1342 740 1361; x_wconf 87' lang='lat'><strong>,</strong></span> <span class='ocrx_word' id='word_1_130' title='bbox 776 1316 826 1350; x_wconf 87' lang='lat' dir='ltr'>ut</span> <span class='ocrx_word' id='word_1_131' title='bbox 844 1306 878 1350; x_wconf 86' lang='lat' dir='ltr'>si</span> <span class='ocrx_word' id='word_1_132' title='bbox 904 1306 1041 1352; x_wconf 86' lang='lat' dir='ltr'>victus</span> <span class='ocrx_word' id='word_1_133' title='bbox 1062 1305 1192 1350; x_wconf 87' lang='lat' dir='ltr'>fueris</span> <span class='ocrx_word' id='word_1_134' title='bbox 1208 1342 1218 1360; x_wconf 82' lang='lat'><strong><em>‚</em></strong></span> <span class='ocrx_word' id='word_1_135' title='bbox 1245 1305 1357 1350; x_wconf 89' lang='lat' dir='ltr'>nihil</span> <span class='ocrx_word' id='word_1_136' title='bbox 1376 1304 1490 1349; x_wconf 90' lang='lat' dir='ltr'>ulte-</span> 
     </span>
     <span class='ocr_line' id='line_1_18' title="bbox 113 1372 1491 1435; baseline 0.001 -19"><span class='ocrx_word' id='word_1_137' title='bbox 113 1373 202 1417; x_wconf 82' lang='lat' dir='ltr'>rius</span> <span class='ocrx_word' id='word_1_138' title='bbox 224 1372 287 1417; x_wconf 86' lang='lat' dir='ltr'>illi</span> <span class='ocrx_word' id='word_1_139' title='bbox 309 1373 506 1420; x_wconf 84' lang='lat' dir='ltr'>audeant.</span> <span class='ocrx_word' id='word_1_140' title='bbox 546 1376 638 1435; x_wconf 89' lang='lat' dir='ltr'>Ego</span> <span class='ocrx_word' id='word_1_141' title='bbox 665 1386 808 1420; x_wconf 87' lang='lat' dir='ltr'>autem</span> <span class='ocrx_word' id='word_1_142' title='bbox 840 1376 953 1420; x_wconf 83' lang='lat' dir='ltr'>absit</span> <span class='ocrx_word' id='word_1_143' title='bbox 984 1385 1034 1420; x_wconf 88' lang='lat' dir='ltr'>ut</span> <span class='ocrx_word' id='word_1_144' title='bbox 1059 1374 1113 1420; x_wconf 88' lang='lat' dir='ltr'>ad</span> <span class='ocrx_word' id='word_1_145' title='bbox 1138 1374 1491 1420; x_wconf 87' lang='lat' dir='ltr'>monomachiam</span> 
     </span>
     <span class='ocr_line' id='line_1_19' title="bbox 113 1444 1494 1508; baseline 0.001 -21"><span class='ocrx_word' id='word_1_146' title='bbox 113 1458 190 1487; x_wconf 81' lang='lat' dir='ltr'>vos</span> <span class='ocrx_word' id='word_1_147' title='bbox 221 1460 459 1504; x_wconf 77' lang='lat' dir='ltr'>provocem</span> <span class='ocrx_word' id='word_1_148' title='bbox 481 1481 491 1499; x_wconf 82' lang='lat'>‚</span> <span class='ocrx_word' id='word_1_149' title='bbox 521 1461 632 1507; x_wconf 86' lang='lat' dir='ltr'>quos</span> <span class='ocrx_word' id='word_1_150' title='bbox 673 1445 941 1508; x_wconf 83' lang='lat' dir='ltr'>ubicumque</span> <span class='ocrx_word' id='word_1_151' title='bbox 977 1445 1288 1508; x_wconf 77' lang='lat' dir='ltr'>apparueritis,</span> <span class='ocrx_word' id='word_1_152' title='bbox 1329 1444 1494 1506; x_wconf 85' lang='lat' dir='ltr'>ubique</span> 
     </span>
     <span class='ocr_line' id='line_1_20' title="bbox 114 1512 1492 1578; baseline 0.001 -22"><span class='ocrx_word' id='word_1_153' title='bbox 114 1512 295 1557; x_wconf 84' lang='lat' dir='ltr'>diffusus</span> <span class='ocrx_word' id='word_1_154' title='bbox 320 1513 485 1559; x_wconf 86' lang='lat' dir='ltr'>Christi</span> <span class='ocrx_word' id='word_1_155' title='bbox 511 1515 700 1560; x_wconf 85' lang='lat' dir='ltr'>debellat</span> <span class='ocrx_word' id='word_1_156' title='bbox 735 1517 967 1569; x_wconf 84' lang='lat' dir='ltr'>exercitus;</span> <span class='ocrx_word' id='word_1_157' title='bbox 996 1516 1073 1578; x_wconf 89' lang='lat' dir='ltr'>qui</span> <span class='ocrx_word' id='word_1_158' title='bbox 1107 1515 1342 1560; x_wconf 70' lang='lat' dir='ltr'>debellavit</span> <span class='ocrx_word' id='word_1_159' title='bbox 1373 1513 1492 1576; x_wconf 87' lang='lat' dir='ltr'>apud</span> 
     </span>
     <span class='ocr_line' id='line_1_21' title="bbox 116 1582 1493 1648; baseline 0.001 -22"><span class='ocrx_word' id='word_1_160' title='bbox 116 1582 426 1641; x_wconf 82' lang='lat' dir='ltr'>Carthaginem</span> <span class='ocrx_word' id='word_1_161' title='bbox 447 1584 703 1630; x_wconf 85' lang='lat' dir='ltr'>Coelestium</span> <span class='ocrx_word' id='word_1_162' title='bbox 719 1622 730 1642; x_wconf 79' lang='grc'>,</span> <span class='ocrx_word' id='word_1_163' title='bbox 754 1585 930 1648; x_wconf 86' lang='lat' dir='ltr'>quando</span> <span class='ocrx_word' id='word_1_164' title='bbox 953 1585 1043 1630; x_wconf 89' lang='lat' dir='ltr'>illic</span> <span class='ocrx_word' id='word_1_165' title='bbox 1065 1585 1157 1648; x_wconf 89' lang='lat' dir='ltr'>ipse</span> <span class='ocrx_word' id='word_1_166' title='bbox 1181 1602 1269 1630; x_wconf 89' lang='lat' dir='ltr'>non</span> <span class='ocrx_word' id='word_1_167' title='bbox 1287 1601 1404 1629; x_wconf 83' lang='lat' dir='ltr'>eram</span> <span class='ocrx_word' id='word_1_168' title='bbox 1421 1603 1432 1636; x_wconf 80' lang='lat'>3</span> <span class='ocrx_word' id='word_1_169' title='bbox 1450 1593 1493 1628; x_wconf 91' lang='lat' dir='ltr'>et</span> 
     </span>
     <span class='ocr_line' id='line_1_22' title="bbox 111 1652 1486 1717; baseline 0.001 -21"><span class='ocrx_word' id='word_1_170' title='bbox 111 1668 258 1696; x_wconf 83' lang='lat' dir='ltr'>rursus</span> <span class='ocrx_word' id='word_1_171' title='bbox 271 1653 650 1717; x_wconf 82' lang='lat' dir='ltr'>Constantinopoli</span> <span class='ocrx_word' id='word_1_172' title='bbox 670 1655 896 1715; x_wconf 85' lang='lat' dir='ltr'>tamlonge</span> <span class='ocrx_word' id='word_1_173' title='bbox 917 1674 939 1700; x_wconf 86' lang='lat' dir='ltr'>a</span> <span class='ocrx_word' id='word_1_174' title='bbox 957 1655 1207 1714; x_wconf 88' lang='lat' dir='ltr'>regionibus</span> <span class='ocrx_word' id='word_1_175' title='bbox 1227 1652 1458 1699; x_wconf 68' lang='lat' dir='ltr'>Africani51</span> <span class='ocrx_word' id='word_1_176' title='bbox 1475 1671 1486 1698; x_wconf 88' lang='lat'><strong>:</strong></span> 
     </span>
     <span class='ocr_line' id='line_1_23' title="bbox 112 1721 1491 1785; baseline 0.002 -20"><span class='ocrx_word' id='word_1_177' title='bbox 112 1721 188 1784; x_wconf 85' lang='lat' dir='ltr'>qui</span> <span class='ocrx_word' id='word_1_178' title='bbox 206 1721 493 1768; x_wconf 83' lang='lat' dir='ltr'>debellavitin</span> <span class='ocrx_word' id='word_1_179' title='bbox 512 1724 741 1770; x_wconf 84' lang='lat' dir='ltr'>Palaestina</span> <span class='ocrx_word' id='word_1_180' title='bbox 757 1725 996 1785; x_wconf 74' lang='lat' dir='ltr'>Pelagium,</span> <span class='ocrx_word' id='word_1_181' title='bbox 1014 1725 1089 1770; x_wconf 91' lang='lat' dir='ltr'>ubi</span> <span class='ocrx_word' id='word_1_182' title='bbox 1112 1741 1288 1770; x_wconf 86' lang='lat' dir='ltr'>causam</span> <span class='ocrx_word' id='word_1_183' title='bbox 1307 1735 1491 1770; x_wconf 77' lang='lat' dir='ltr'>vestram</span> 
     </span>
     <span class='ocr_line' id='line_1_24' title="bbox 114 1791 1496 1839; baseline 0.004 -5"><span class='ocrx_word' id='word_1_184' title='bbox 114 1807 204 1836; x_wconf 41' lang='lat' dir='ltr'>sure</span> <span class='ocrx_word' id='word_1_185' title='bbox 221 1791 513 1837; x_wconf 82' lang='lat' dir='ltr'>damnationis</span> <span class='ocrx_word' id='word_1_186' title='bbox 535 1794 689 1839; x_wconf 88' lang='lat' dir='ltr'>timore</span> <span class='ocrx_word' id='word_1_187' title='bbox 713 1793 937 1839; x_wconf 87' lang='lat' dir='ltr'>damnavit</span> <span class='ocrx_word' id='word_1_188' title='bbox 964 1812 975 1839; x_wconf 89' lang='lat'>:</span> <span class='ocrx_word' id='word_1_189' title='bbox 1009 1794 1072 1839; x_wconf 81' lang='lat' dir='ltr'>ibi</span> <span class='ocrx_word' id='word_1_190' title='bbox 1095 1795 1207 1839; x_wconf 87' lang='lat' dir='ltr'>enim</span> <span class='ocrx_word' id='word_1_191' title='bbox 1232 1794 1409 1839; x_wconf 82' lang='lat' dir='ltr'>omnino</span> <span class='ocrx_word' id='word_1_192' title='bbox 1428 1810 1496 1839; x_wconf 72' lang='lat' dir='ltr'>ce-</span> 
     </span>
     <span class='ocr_line' id='line_1_25' title="bbox 115 1861 1491 1928; baseline 0.004 -22"><span class='ocrx_word' id='word_1_193' title='bbox 115 1861 222 1906; x_wconf 88' lang='lat' dir='ltr'>cidit</span> <span class='ocrx_word' id='word_1_194' title='bbox 244 1861 417 1908; x_wconf 78' lang='lat' dir='ltr'>haeresis</span> <span class='ocrx_word' id='word_1_195' title='bbox 439 1875 592 1911; x_wconf 88' lang='lat' dir='ltr'>vestra.</span> <span class='ocrx_word' id='word_1_196' title='bbox 628 1867 684 1910; x_wconf 90' lang='lat' dir='ltr'>Et</span> <span class='ocrx_word' id='word_1_197' title='bbox 708 1866 809 1928; x_wconf 80' lang='lat' dir='ltr'>quia</span> <span class='ocrx_word' id='word_1_198' title='bbox 838 1865 927 1922; x_wconf 81' lang='lat' dir='ltr'>ille,</span> <span class='ocrx_word' id='word_1_199' title='bbox 954 1869 1078 1925; x_wconf 82' lang='lat' dir='ltr'>cujus</span> <span class='ocrx_word' id='word_1_200' title='bbox 1104 1866 1244 1925; x_wconf 84' lang='lat' dir='ltr'>figura</span> <span class='ocrx_word' id='word_1_201' title='bbox 1276 1876 1367 1910; x_wconf 85' lang='lat' dir='ltr'>erat</span> <span class='ocrx_word' id='word_1_202' title='bbox 1400 1867 1491 1911; x_wconf 87' lang='lat' dir='ltr'>Da-</span> 
     </span>
     <span class='ocr_line' id='line_1_26' title="bbox 116 1931 1498 1986; baseline 0.004 -10"><span class='ocrx_word' id='word_1_203' title='bbox 116 1931 189 1977; x_wconf 88' lang='lat' dir='ltr'>vid</span> <span class='ocrx_word' id='word_1_204' title='bbox 211 1968 221 1986; x_wconf 83' lang='lat'>‚</span> <span class='ocrx_word' id='word_1_205' title='bbox 257 1943 408 1978; x_wconf 88' lang='lat' dir='ltr'>contra</span> <span class='ocrx_word' id='word_1_206' title='bbox 441 1950 540 1979; x_wconf 92' lang='lat' dir='ltr'>suos</span> <span class='ocrx_word' id='word_1_207' title='bbox 571 1934 837 1981; x_wconf 84' lang='lat' dir='ltr'>adversarios</span> <span class='ocrx_word' id='word_1_208' title='bbox 871 1935 917 1980; x_wconf 92' lang='lat' dir='ltr'>in</span> <span class='ocrx_word' id='word_1_209' title='bbox 943 1936 1029 1980; x_wconf 86' lang='lat' dir='ltr'>suis</span> <span class='ocrx_word' id='word_1_210' title='bbox 1059 1934 1262 1979; x_wconf 86' lang='lat' dir='ltr'>omnibus</span> <span class='ocrx_word' id='word_1_211' title='bbox 1284 1934 1498 1981; x_wconf 86' lang='lat' dir='ltr'>militibus</span> 
     </span>
     <span class='ocr_line' id='line_1_27' title="bbox 116 2004 1496 2067; baseline 0.004 -22"><span class='ocrx_word' id='word_1_212' title='bbox 116 2012 299 2064; x_wconf 78' lang='lat' dir='ltr'>pugnat,</span> <span class='ocrx_word' id='word_1_213' title='bbox 329 2019 517 2048; x_wconf 87' lang='lat' dir='ltr'>errorem</span> <span class='ocrx_word' id='word_1_214' title='bbox 541 2015 732 2050; x_wconf 64' lang='lat' dir='ltr'>xestrum</span> <span class='ocrx_word' id='word_1_215' title='bbox 757 2006 886 2050; x_wconf 87' lang='lat' dir='ltr'>etiam</span> <span class='ocrx_word' id='word_1_216' title='bbox 911 2005 1075 2065; x_wconf 81' lang='lat' dir='ltr'>Pelagii</span> <span class='ocrx_word' id='word_1_217' title='bbox 1105 2004 1253 2064; x_wconf 85' lang='lat' dir='ltr'>lingua</span> <span class='ocrx_word' id='word_1_218' title='bbox 1283 2015 1496 2067; x_wconf 83' lang='lat' dir='ltr'>tanquam</span> 
     </span>
     <span class='ocr_line' id='line_1_28' title="bbox 115 2072 1497 2148; baseline 0.005 -34"><span class='ocrx_word' id='word_1_219' title='bbox 115 2072 321 2148; x_wconf 75' lang='lat' dir='ltr'>prostrati</span> <span class='ocrx_word' id='word_1_220' title='bbox 344 2083 386 2117; x_wconf 90' lang='lat' dir='ltr'>et</span> <span class='ocrx_word' id='word_1_221' title='bbox 401 2075 624 2134; x_wconf 64' lang='lat' dir='ltr'>jacentisD</span> <span class='ocrx_word' id='word_1_222' title='bbox 603 2075 746 2121; x_wconf 82' lang='lat' dir='ltr'>oladio</span> <span class='ocrx_word' id='word_1_223' title='bbox 769 2075 1056 2121; x_wconf 81' lang='lat' dir='ltr'>detruncavit.</span> <span class='ocrx_word' id='word_1_224' title='bbox 1084 2076 1194 2119; x_wconf 82' lang='lat' dir='ltr'>Nam</span> <span class='ocrx_word' id='word_1_225' title='bbox 1211 2074 1332 2137; x_wconf 85' lang='lat' dir='ltr'>quod</span> <span class='ocrx_word' id='word_1_226' title='bbox 1357 2085 1405 2120; x_wconf 88' lang='lat' dir='ltr'>tu</span> <span class='ocrx_word' id='word_1_227' title='bbox 1425 2075 1497 2121; x_wconf 89' lang='lat' dir='ltr'>de-</span> 
     </span>
     <span class='ocr_line' id='line_1_29' title="bbox 117 2141 1496 2208; baseline 0.004 -23"><span class='ocrx_word' id='word_1_228' title='bbox 117 2141 394 2200; x_wconf 75' lang='lat' dir='ltr'>dig›na1is‚«</span> <span class='ocrx_word' id='word_1_229' title='bbox 417 2149 650 2207; x_wconf 85' lang='lat' dir='ltr'>Propterea</span> <span class='ocrx_word' id='word_1_230' title='bbox 689 2163 765 2191; x_wconf 86' lang='lat' dir='ltr'>vos</span> <span class='ocrx_word' id='word_1_231' title='bbox 804 2163 939 2192; x_wconf 87' lang='lat' dir='ltr'>novos</span> <span class='ocrx_word' id='word_1_232' title='bbox 974 2146 1203 2191; x_wconf 66' lang='lat' dir='ltr'>haereticos</span> <span class='ocrx_word' id='word_1_233' title='bbox 1240 2144 1354 2201; x_wconf 79' lang='lat' dir='ltr'>dici,</span> <span class='ocrx_word' id='word_1_234' title='bbox 1391 2147 1496 2208; x_wconf 84' lang='lat' dir='ltr'>quia</span> 
     </span>
     <span class='ocr_line' id='line_1_30' title="bbox 118 2213 1498 2278; baseline 0.004 -23"><span class='ocrx_word' id='word_1_235' title='bbox 118 2228 244 2257; x_wconf 84' lang='lat' dir='ltr'>omne</span> <span class='ocrx_word' id='word_1_236' title='bbox 268 2213 434 2259; x_wconf 86' lang='lat' dir='ltr'>malum</span> <span class='ocrx_word' id='word_1_237' title='bbox 456 2215 577 2277; x_wconf 83' lang='lat' dir='ltr'>quod</span> <span class='ocrx_word' id='word_1_238' title='bbox 597 2227 829 2278; x_wconf 86' lang='lat' dir='ltr'>peccatum</span> <span class='ocrx_word' id='word_1_239' title='bbox 850 2216 1086 2271; x_wconf 80' lang='lat' dir='ltr'>definitur,</span> <span class='ocrx_word' id='word_1_240' title='bbox 1120 2216 1301 2260; x_wconf 86' lang='lat' dir='ltr'>asseritis</span> <span class='ocrx_word' id='word_1_241' title='bbox 1330 2232 1421 2260; x_wconf 89' lang='lat' dir='ltr'>non</span> <span class='ocrx_word' id='word_1_242' title='bbox 1450 2216 1498 2261; x_wconf 90' lang='lat' dir='ltr'>in</span> 
     </span>
     <span class='ocr_line' id='line_1_31' title="bbox 117 2283 1499 2345; baseline 0.004 -20"><span class='ocrx_word' id='word_1_243' title='bbox 117 2290 294 2337; x_wconf 80' lang='lat' dir='ltr'>natura,</span> <span class='ocrx_word' id='word_1_244' title='bbox 314 2283 388 2328; x_wconf 86' lang='lat' dir='ltr'>sed</span> <span class='ocrx_word' id='word_1_245' title='bbox 412 2283 458 2328; x_wconf 87' lang='lat' dir='ltr'>in</span> <span class='ocrx_word' id='word_1_246' title='bbox 472 2284 562 2330; x_wconf 90' lang='lat' dir='ltr'>sola</span> <span class='ocrx_word' id='word_1_247' title='bbox 583 2285 809 2330; x_wconf 76' lang='lat' dir='ltr'>voluntate</span> <span class='ocrx_word' id='word_1_248' title='bbox 832 2286 1062 2331; x_wconf 85' lang='lat' dir='ltr'>consistere</span> <span class='ocrx_word' id='word_1_249' title='bbox 1081 2323 1092 2340; x_wconf 78' lang='grc'><strong><em>,</em></strong></span> <span class='ocrx_word' id='word_1_250' title='bbox 1114 2289 1240 2345; x_wconf 84' lang='lat' dir='ltr'>»jam</span> <span class='ocrx_word' id='word_1_251' title='bbox 1266 2285 1392 2332; x_wconf 81' lang='lat' dir='ltr'>vobis</span> <span class='ocrx_word' id='word_1_252' title='bbox 1411 2286 1499 2330; x_wconf 86' lang='lat' dir='ltr'>Pe-</span> 
     </span>
     <span class='ocr_line' id='line_1_32' title="bbox 115 2350 1492 2446; baseline 0.004 -51"><span class='ocrx_word' id='word_1_253' title='bbox 115 2350 282 2410; x_wconf 79' lang='lat' dir='ltr'>lagius,</span> <span class='ocrx_word' id='word_1_254' title='bbox 329 2352 418 2399; x_wconf 91' lang='lat' dir='ltr'>imo</span> <span class='ocrx_word' id='word_1_255' title='bbox 452 2372 530 2417; x_wconf 88' lang='lat' dir='ltr'>per</span> <span class='ocrx_word' id='word_1_256' title='bbox 569 2355 765 2415; x_wconf 87' lang='lat' dir='ltr'>linguam</span> <span class='ocrx_word' id='word_1_257' title='bbox 800 2356 966 2415; x_wconf 84' lang='lat' dir='ltr'>Pelagii</span> <span class='ocrx_word' id='word_1_258' title='bbox 997 2357 1212 2401; x_wconf 89' lang='lat' dir='ltr'>Dominus</span> <span class='ocrx_word' id='word_1_259' title='bbox 1235 2355 1492 2446; x_wconf 77' lang='lat' dir='ltr'>amputavit</span> 
     </span>
     <span class='ocr_line' id='line_1_33' title="bbox 119 2420 1463 2490; baseline 0.005 -26.032"><span class='ocrx_word' id='word_1_260' title='bbox 119 2420 293 2466; x_wconf 79' lang='lat' dir='ltr'>&#39;limeris</span> <span class='ocrx_word' id='word_1_261' title='bbox 315 2424 481 2487; x_wconf 86' lang='lat' dir='ltr'>quippe</span> <span class='ocrx_word' id='word_1_262' title='bbox 503 2424 576 2471; x_wconf 84' lang='lat' dir='ltr'>ille</span> <span class='ocrx_word' id='word_1_263' title='bbox 595 2425 812 2479; x_wconf 87' lang='lat' dir='ltr'>damnari,</span> <span class='ocrx_word' id='word_1_264' title='bbox 835 2425 1061 2472; x_wconf 88' lang='lat' dir='ltr'>damnavit</span> <span class='ocrx_word' id='word_1_265' title='bbox 1081 2443 1152 2472; x_wconf 90' lang='lat' dir='ltr'>eos</span> <span class='ocrx_word' id='word_1_266' title='bbox 1169 2426 1247 2490; x_wconf 90' lang='lat' dir='ltr'>qui</span> <span class='ocrx_word' id='word_1_267' title='bbox 1271 2425 1463 2471; x_wconf 78' lang='lat' dir='ltr'>dicunt2</span> 
     </span>
     <span class='ocr_line' id='line_1_34' title="bbox 118 2489 1497 2559; baseline 0.004 -25"><span class='ocrx_word' id='word_1_268' title='bbox 118 2489 299 2536; x_wconf 89' lang='lat' dir='ltr'>infantes</span> <span class='ocrx_word' id='word_1_269' title='bbox 323 2493 453 2539; x_wconf 88' lang='lat' dir='ltr'>etiam</span> <span class='ocrx_word' id='word_1_270' title='bbox 489 2496 523 2540; x_wconf 89' lang='lat' dir='ltr'>si</span> <span class='ocrx_word' id='word_1_271' title='bbox 552 2513 641 2541; x_wconf 86' lang='lat' dir='ltr'>non</span> <span class='ocrx_word' id='word_1_272' title='bbox 676 2496 985 2559; x_wconf 83' lang='lat' dir='ltr'>baptizentur,</span> <span class='ocrx_word' id='word_1_273' title='bbox 1020 2496 1185 2542; x_wconf 86' lang='lat' dir='ltr'>habere</span> <span class='ocrx_word' id='word_1_274' title='bbox 1216 2495 1351 2543; x_wconf 83' lang='lat' dir='ltr'>vitam</span> <span class='ocrx_word' id='word_1_275' title='bbox 1375 2505 1497 2540; x_wconf 87' lang='lat' dir='ltr'>aeter-</span> 
     </span>
    </p>
   </div>
   <div class='ocr_carea' id='block_1_5' title="bbox 120 2588 1497 2690">
    <p class='ocr_par' dir='ltr' id='par_1_6' title="bbox 120 2588 1497 2690">
     <span class='ocr_line' id='line_1_35' title="bbox 169 2588 1497 2637; baseline 0.008 -19"><span class='ocrx_word' id='word_1_276' title='bbox 169 2588 179 2610; x_wconf 90' lang='lat'><strong>¹</strong></span> <span class='ocrx_word' id='word_1_277' title='bbox 197 2588 307 2620; x_wconf 68' lang='lat' dir='ltr'>Vide</span> <span class='ocrx_word' id='word_1_278' title='bbox 298 2601 331 2621; x_wconf 86' lang='lat' dir='ltr'>m</span> <span class='ocrx_word' id='word_1_279' title='bbox 360 2602 390 2621; x_wconf 95' lang='grc'>2.</span> <span class='ocrx_word' id='word_1_280' title='bbox 410 2598 500 2634; x_wconf 77' lang='lat' dir='ltr'>parte</span> <span class='ocrx_word' id='word_1_281' title='bbox 519 2593 717 2636; x_wconf 83' lang='lat' dir='ltr'>Appendicis</span> <span class='ocrx_word' id='word_1_282' title='bbox 735 2594 774 2625; x_wconf 88' lang='lat' dir='ltr'>de</span> <span class='ocrx_word' id='word_1_283' title='bbox 801 2593 922 2636; x_wconf 85' lang='lat' dir='ltr'>synodo</span> <span class='ocrx_word' id='word_1_284' title='bbox 940 2595 1294 2636; x_wconf 81' lang='lat' dir='ltr'>Constantinopolitana</span> <span class='ocrx_word' id='word_1_285' title='bbox 1309 2593 1368 2627; x_wconf 88' lang='lat' dir='ltr'>sub</span> <span class='ocrx_word' id='word_1_286' title='bbox 1387 2592 1497 2637; x_wconf 62' lang='lat' dir='ltr'>Amet}</span> 
     </span>
     <span class='ocr_line' id='line_1_36' title="bbox 120 2639 1198 2690; baseline 0.008 -18"><span class='ocrx_word' id='word_1_287' title='bbox 120 2639 239 2677; x_wconf 78' lang='lat' dir='ltr'>habent</span> <span class='ocrx_word' id='word_1_288' title='bbox 256 2653 305 2674; x_wconf 83' lang='lat' dir='ltr'>au.</span> <span class='ocrx_word' id='word_1_289' title='bbox 326 2649 403 2684; x_wconf 68' lang='lat'>417.</span> <span class='ocrx_word' id='word_1_290' title='bbox 423 2663 462 2670; x_wconf 82' lang='lat'>—</span> <span class='ocrx_word' id='word_1_291' title='bbox 483 2645 498 2667; x_wconf 78' lang='lat'><em>2</em></span> <span class='ocrx_word' id='word_1_292' title='bbox 514 2647 584 2679; x_wconf 84' lang='lat' dir='ltr'>Lib.</span> <span class='ocrx_word' id='word_1_293' title='bbox 602 2647 642 2679; x_wconf 86' lang='lat' dir='ltr'>de</span> <span class='ocrx_word' id='word_1_294' title='bbox 659 2646 750 2689; x_wconf 77' lang='lat' dir='ltr'>gestis</span> <span class='ocrx_word' id='word_1_295' title='bbox 766 2643 898 2690; x_wconf 79' lang='lat' dir='ltr'>Pelagii.</span> <span class='ocrx_word' id='word_1_296' title='bbox 914 2659 942 2682; x_wconf 82' lang='lat' dir='ltr'>c.</span> <span class='ocrx_word' id='word_1_297' title='bbox 965 2659 1019 2682; x_wconf 74' lang='grc' dir='ltr'>τι.</span> <span class='ocrx_word' id='word_1_298' title='bbox 1036 2650 1077 2680; x_wconf 80' lang='grc'>33</span> <span class='ocrx_word' id='word_1_299' title='bbox 1093 2653 1126 2680; x_wconf 83' lang='lat' dir='ltr'>et</span> <span class='ocrx_word' id='word_1_300' title='bbox 1145 2649 1198 2681; x_wconf 84' lang='lat'>35.</span> 
     </span>
    </p>
   </div>
  </div>
 </body>
</html>
