1843 3190
337 270 431 325 354
758 286 793 314 ε.
840 284 1081 315 mausum
1116 284 1322 315 EPISGOPI

336 368 464 407 cens,
495 361 537 413 et
568 364 719 395 verum
754 347 901 393 dicens
926 366 936 394 ε
961 369 982 390 «
1004 349 1135 406 Quod
1160 350 1273 396 nihil
1308 349 1392 395 tale
1428 348 1565 413 possit
1602 347 1711 396 dum

336 418 649 479 concumbitur
667 417 862 476 cogitari.
887 438 907 458 »
932 419 1114 466 Prorsus
1131 420 1190 466 ita
1214 430 1290 466 θεῖ.
1323 419 1441 476 Quid
1459 420 1575 465 enim
1594 420 1711 479 cogi-

335 492 418 542 tari
447 500 590 553 potest
621 499 751 543 tunc,
779 487 956 550 quando
980 506 1100 535 mens
1124 490 1218 553 ipsa
1255 507 1343 553 qua
1377 490 1610 550 cogitatur,
1636 488 1713 534 illa

336 560 498 607 carnali
533 558 814 604 delectatione
832 559 1168 618 submergitur?
1201 560 1325 606 Unde
1364 561 1529 623 optime
1560 559 1633 605 ille
1656 558 1710 604 de

338 630 565 693 voluptate
590 628 816 692 disputans
832 665 843 683 ‚
873 631 996 687 cujus
1024 629 1216 681 verbain
1238 629 1352 679 libro
1377 630 1597 693 superiore
1620 631 1713 688 jam

333 701 490 763 posui,
511 721 532 740 «
553 702 688 757 Cujus
710 709 851 744 motus
868 736 877 752 ‚
905 699 1080 761 inquit,
1113 709 1160 748 ut
1188 700 1371 763 quisque
1391 710 1452 746 θεῖ
1472 699 1682 758 maximus
1697 735 1709 754 ‚

335 773 393 822 ita
425 781 487 815 est
517 769 839 814 inimicissimus
862 769 1174 832 philosophiae.
1204 771 1451 829 Congruere
1474 771 1588 816 enim
1609 772 1713 814 cum

335 840 596 900 cogitatione
630 856 784 897 magna
818 839 1021 902 voluptas
1060 841 1254 902 corporis
1296 858 1383 886 non
1416 851 1571 902 potest.
1606 839 1716 899 Quis

333 912 447 956 enim
471 927 571 957 cum
597 920 745 961 utatur
767 909 994 972 voluptate
1009 947 1020 964 ‚
1053 909 1196 973 inquit
1211 948 1221 965 ,
1246 927 1293 956 ea
1318 927 1405 974 qua
1426 910 1547 957 nulla
1577 909 1716 974 possit

332 984 474 1042 major
499 997 612 1035 esse,
652 980 871 1031 attendere
907 979 1078 1036 animo,
1113 980 1221 1027 inire
1257 981 1492 1037 rationem,
1526 980 1716 1040 cogitare

335 1053 511 1098 omnino
529 1051 772 1115 quidquam
797 1054 970 1115 potest?
990 1073 1009 1093 ›>
1035 1052 1133 1097 Non
1156 1052 1292 1111 igitur
1311 1053 1441 1098 etiam
1465 1063 1512 1098 tu
1535 1050 1716 1115 potuisti

335 1122 506 1185 graxius
525 1139 723 1168 accusare
741 1139 872 1185 quani
887 1121 1058 1174 laudas,
1082 1122 1164 1168 nisi
1181 1123 1358 1168 fatendo
1377 1123 1422 1168 in
1438 1127 1529 1183 ejus
1549 1124 1716 1185 impetu

334 1192 549 1252 neminem
567 1208 690 1254 posse
710 1203 859 1237 sancta
880 1192 1083 1251 cogitare.
1109 1190 1194 1236 Sed
1211 1192 1362 1255 utique
1382 1192 1606 1252 religiosus
1628 1191 1718 1237 ani-

334 1278 431 1307 mus
454 1262 535 1308 isto
557 1261 670 1307 malo
689 1262 798 1307 bene
825 1272 945 1308 utens
964 1262 1050 1308 hoc
1069 1262 1257 1321 cogitat,
1284 1273 1332 1308 ut
1351 1262 1580 1308 libidinem
1605 1278 1717 1310 con-

335 1331 583 1377 cumbendo
607 1333 818 1395 patiatur,
841 1331 961 1395 quod
979 1348 1067 1377 non
1093 1343 1236 1394 potest
1257 1333 1450 1393 cogitare
1471 1348 1572 1378 cum
1597 1331 1718 1394 pati-

334 1413 420 1456 tur.
453 1402 576 1454 Sicut
596 1402 777 1448 salutem
802 1402 936 1448 homo
956 1402 1120 1461 cogitat
1137 1439 1148 1458 ‚
1177 1413 1225 1447 ut
1243 1419 1395 1449 somno
1412 1419 1454 1448 se
1473 1401 1717 1464 impertiat,

338 1472 456 1536 quod
478 1473 627 1537 utique
646 1490 734 1519 non
753 1483 895 1537 potest
908 1473 1096 1532 cogitare
1115 1489 1218 1518 cum
1236 1473 1398 1520 dormit
1418 1490 1429 1518 τ
1450 1471 1525 1518 sed
1543 1487 1721 1525 somnus

339 1561 439 1589 cum
459 1561 650 1608 occupat
669 1545 864 1590 membra
880 1581 890 1598 ‚
920 1561 1009 1590 non
1033 1561 1079 1590 ea
1099 1543 1205 1592 facit
1234 1543 1543 1601 inobedientia·
1559 1541 1720 1588 volun-

342 1616 442 1669 tati3
467 1616 570 1679 quia
607 1627 648 1662 et
678 1617 815 1679 ipsam
839 1616 1107 1663 voluntatem
1143 1617 1199 1662 ab
1228 1614 1535 1676 hujuscemodi
1565 1613 1722 1660 alienat

339 1687 523 1749 imperio
540 1723 550 1742 ‚
576 1686 808 1732 avertendo
836 1687 1022 1732 animam
1044 1686 1099 1732 ad
1123 1686 1212 1733 visa
1238 1687 1504 1741 somniorum
1521 1722 1532 1741 ‚
1562 1684 1606 1730 in
1626 1683 1720 1747 qui-

341 1757 424 1814 bus
453 1773 567 1819 saepe
603 1758 731 1802 ctiam
761 1756 908 1803 futura
939 1767 1177 1802 monstrata
1208 1768 1322 1804 sunt.
1361 1756 1487 1802 Unde
1505 1755 1539 1801 si
1563 1753 1723 1801 eratin

344 1827 545 1890 paradiso
571 1826 820 1873 vicissitudo
848 1827 1056 1886 vigilandi
1089 1838 1217 1891 atque
1237 1826 1509 1882 dormiendi,
1532 1824 1611 1870 ubi
1635 1841 1724 1889 non

343 1907 435 1941 erat
461 1896 622 1942 malum
641 1897 1008 1960 concupiscendi3
1029 1908 1118 1943 tam
1138 1898 1281 1944 felicia
1297 1908 1420 1944 erant
1437 1894 1602 1943 somnia
1625 1893 1725 1940 dor-

345 1967 572 2025 mientium
592 2005 602 2024 ,
626 1985 759 2031 quam
786 1968 874 2013 vita
895 1968 1183 2028 vigilantium.

409 2037 575 2093 XLIII.
619 2038 751 2093 Quod
779 2048 923 2083 autem
948 2049 988 2082 te
1018 2042 1155 2097 jactas
1172 2075 1183 2093 ‚
1224 2048 1265 2083 et
1292 2034 1479 2086 ¹inaniter
1497 2052 1726 2100 spumeum

344 2106 431 2156 ,diff
431 2106 554 2152 undis
568 2107 808 2170 cloquium,
830 2118 1059 2170 «parentes
1076 2125 1334 2171 comparans
1346 2107 1599 2170 parricidis,
1615 2107 1658 2152 in
1669 2106 1727 2152 eis

348 2194 532 2222 asserens
552 2195 637 2222 θεεθ
652 2195 826 2224 causam
848 2188 894 2223 ut
918 2178 995 2224 filii
1016 2195 1116 2224 cuni
1137 2178 1414 2224 damnatione
1428 2188 1660 2224 nascantur
1674 2194 1688 2222 z
1706 2197 1727 2219 ›>
1789 2223 1792 2232 ¹

346 2246 491 2298 fereris
511 2247 687 2292 omuino
708 2249 870 2307 linguas
891 2258 977 2293 tuae
996 2249 1115 2295 velut
1137 2249 1428 2294 exultantibus
1447 2259 1489 2293 et
1514 2246 1727 2310 plauden-

350 2316 466 2360 tihus
490 2319 664 2379 pennis5
694 2335 773 2363 nec
797 2319 841 2363 in
872 2319 952 2364 isto
986 2319 1168 2382 strepitu
1204 2336 1334 2381 quem
1369 2318 1449 2363 tibi
1477 2317 1570 2380 ipse
1592 2317 1725 2372 faciS‚

349 2385 525 2448 respicis
548 2390 703 2433 Deum.
736 2394 824 2434 (jur
842 2389 956 2433 onim
987 2407 1075 2434 non
1105 2389 1182 2433 ista
1219 2389 1286 2434 vel
1318 2388 1402 2434 tale
1430 2386 1618 2450 aliquid,
1645 2386 1730 2449 ipsi

349 2456 494 2521 potius
514 2456 742 2504 homiuum
765 2459 957 2505 Creatori
981 2476 1112 2521 quain
1134 2458 1400 2517 genitoribus
1430 2457 1611 2512 dicitur,
1649 2457 1727 2520 qui

349 2535 463 2571 certe
486 2526 678 2572 oninium
708 2529 923 2573 bonorum
943 2539 1004 2572 θεῖ
1025 2538 1175 2573 auctor
1194 2539 1236 2574 et
1255 2528 1485 2574 conditor?
1505 2528 1560 2572 Et
1582 2537 1727 2572 tamen

352 2612 462 2659 quos
485 2596 658 2654 ignibus
683 2597 852 2642 aeternis
876 2598 1097 2660 praescivit
1117 2615 1283 2644 arsuros
1300 2636 1310 2655 ‚
1339 2614 1481 2644 creare
1504 2614 1594 2643 non
1611 2595 1726 2644 desi-

1840 2128 1843 2173 l

1810 2270 1843 2294 ἰ

1810 2342 1843 2368 ιὶ

1808 2384 1843 2439 ii

1806 2457 1843 2509 ii

1805 2534 1843 2581 ‘li
