1843 3190
263 320 437 352 CONTRA
469 319 698 352 :tummim
732 321 1038 364 pumannum,
1079 325 1166 354 Lm.
1208 327 1268 358 vr.
1343 309 1448 376 387'3

71 397 194 450 potes
215 385 420 434 invenire.
453 387 572 433 Unus
595 387 730 432 homo
750 400 813 433 est
839 389 895 435 ad
922 400 1103 436 mortem
1121 429 1132 447 ‚
1161 409 1271 438 unus
1295 394 1349 439 ad
1377 395 1446 440 vi-'

73 467 177 503 tam.
209 456 289 502 llle
311 459 485 503 tantum
515 457 672 512 homo,
705 457 782 504 iste
814 460 929 504 Deus
958 470 999 505 et
1032 461 1180 508 bomo.
1214 463 1298 508 Per
1318 465 1445 510 illum

72 537 135 572 est
150 527 342 573 mundus
369 528 569 573 inimicus
592 527 732 573 iactus
757 529 848 574 Deo
871 547 882 574 ι
909 546 986 593 per
1010 531 1139 578 istum
1166 535 1354 579 mundus
1374 546 1444 580 re‘-

72 597 331 643 conciliatur
352 599 442 643 Deo
473 597 633 643 electus
667 615 714 643 ex
741 599 920 646 mundo.
952 600 1080 654 Sicut*
1099 603 1213 647 enim
1238 605 1282 648 in
1307 605 1446 650 Adam

72 682 219 711 omnes
246 668 495 712 moriuntur
517 704 528 723 ,
565 668 627 712 sic
653 679 694 712 et
715 668 759 712 in
782 669 958 715 Christo
983 687 1132 716 omnes
1151 671 1448 720 vivificabun-

73 746 159 783 tur.
190 757 212 778 (ε
234 737 359 782 Sicut
375 737 648 800 portavimus
674 737 906 797 imaginem
943 740 1100 785 terreni
1123 776 1134 796 ‚
1160 753 1382 803 portemus
1405 755 1448 789 et

72 806 341 866 »imaginem
367 811 457 867 ejus
479 807 557 870 qui
584 807 638 851 de
669 807 784 853 coelo
818 820 879 854 est
895 807 929 854 1.
955 830 976 851 »
1013 811 1121 855 Haec
1154 811 1449 859 stabilimenta

73 876 174 921 fidei
198 878 448 923 christianae
461 877 539 940 qui
559 877 817 924 subvertere
839 879 1017 936 nititur,
1039 880 1256 927 stantibus
1275 883 1333 929 eis
1356 883 1449 947 ipse

72 947 353 995 subvertitur.

137 1018 217 1064 XI.
247 1018 429 1064 Prorsus
452 1018 573 1081 quod
590 1019 634 1065 in
649 1019 764 1065 libro
783 1035 879 1065 meo
905 1019 1019 1077 dixi,
1046 1021 1119 1066 cui
1151 1022 1306 1068 resistis
1322 1059 1334 1079 ,
1369 1039 1450 1069 ve·-

73 1104 171 1133 rnm
199 1097 261 1133 est
282 1104 294 1133 ε
318 1109 339 1129 «
360 1089 471 1133 Nam
495 1088 616 1152 quod
634 1088 860 1135 dimissum
886 1101 948 1135 est
968 1090 1013 1135 in
1040 1101 1217 1153 parente
1234 1130 1246 1148 ,
1278 1103 1327 1138 ut
1357 1104 1451 1139 tra—

73 1157 207 1203 hatur
224 1159 269 1204 in
286 1159 427 1221 prole,
450 1159 568 1204 miris
584 1159 771 1222 quidem
795 1159 934 1205 modis
953 1162 1003 1205 fit
1017 1197 1026 1215 ,
1051 1161 1124 1206 sed
1143 1172 1284 1207 tamen
1303 1164 1352 1208 fit
1373 1182 1383 1208 :
1409 1175 1451 1209 et

72 1232 175 1291 quia
194 1228 349 1274 modus
365 1228 456 1292 ipse
478 1246 566 1274 non
589 1228 704 1274 facili
718 1229 1144 1290 rationeindagatur,
1164 1248 1243 1277 nec
1262 1235 1454 1280 sermone

74 1298 314 1362 explicatur
329 1337 339 1355 ‚
369 1299 425 1344 ab
448 1298 702 1344 infidelibus
726 1316 814 1344 non
845 1300 1041 1346 creditur
1053 1301 1086 1347 2.
1111 1323 1126 1341 >1
1162 1301 1337 1358 Quibus
1358 1319 1454 1349 ver-

73 1368 143 1414 bis
164 1370 270 1414 meis
287 1369 503 1415 insidiaris
528 1368 794 1414 mendaciter
814 1405 824 1425 ,
849 1370 973 1432 quasi
997 1370 1196 1427 dixerim,
1232 1393 1248 1411 «
1268 1371 1358 1417 Nec
1380 1389 1453 1418 ra-

70 1439 192 1485 tione
217 1439 561 1502 comprehendi,
582 1456 661 1484 nec
682 1456 877 1485 sermone
901 1440 1106 1504 explicari
1123 1460 1134 1494 ;
1149 1464 1163 1481 »
1193 1442 1454 1489 subtrahens

71 1509 176 1555 inde
196 1510 316 1574 quod
335 1509 445 1566 dixi,
472 1532 493 1551 «
517 1511 615 1555 Non
634 1509 751 1555 facili
780 1510 867 1555 sive
897 1512 1064 1556 ratione
1099 1511 1186 1557 sive
1208 1529 1441 1560 sermonem

77 1580 209 1627 Aliud
230 1592 292 1627 est
318 1580 455 1636 nulla,
477 1581 599 1644 quod
620 1591 668 1626 tu
691 1580 826 1633 dicis;
858 1580 976 1626 aliud
994 1592 1056 1626 est
1074 1599 1162 1627 non
1181 1582 1317 1640 facili,
1334 1584 1454 1647 quod

74 1668 153 1712 ego
179 1652 301 1697 dixi:
335 1652 414 1697 ubi
438 1651 546 1715 quid
583 1651 703 1697 aliud
740 1667 873 1714 quam
910 1652 1199 1698 calumniosus
1237 1657 1454 1717 appares?

75 1720 162 1768 Sed
183 1723 260 1768 etsi
278 1722 399 1768 nulla
420 1723 586 1767 ratione
609 1722 857 1780 indagetur,
885 1722 1007 1768 nullo
1041 1739 1235 1769 sermone
1257 1725 1454 1788 explice—

75 1803 179 1839 tur:
203 1803 502 1839 verumtamen
524 1803 586 1837 est
601 1791 722 1855 quod
747 1792 990 1855 antiquitus
1018 1793 1163 1838 veraci
1192 1794 1282 1840 fide‘
1300 1795 1451 1842 catho-

74 1863 160 1908 lica
186 1863 456 1926 praedicatur
482 1874 524 1907 et
540 1862 732 1908 creditur
752 1879 830 1924 per
854 1862 1091 1907 Ecclesiam
1122 1874 1258 1912 totam
1278 1864 1326 1919 ὃς
1350 1881 1452 1929 quae

76 1932 188 1979 filios
209 1932 407 1978 fidelium
431 1949 510 1977 nec
528 1933 788 1977 exorcizaret
806 1968 816 1986 ,
837 1948 916 1976 nec
935 1931 1194 1989 exsufflaret,
1216 1934 1250 1979 si
1276 1949 1362 1980 non
1381 1952 1451 1980 eos

77 2003 129 2049 de
153 2006 362 2067 potestate
377 2003 674 2057 tenebrarum,
709 2012 751 2047 et
785 2019 807 2046 a
842 2001 1043 2065 principe
1068 2003 1220 2049 mortis
1251 2016 1448 2063 erueret3

59 2074 196 2136 quod
212 2075 260 2120 111
285 2074 398 2119 libro
431 2090 543 2128 meo,
571 2073 644 2117 cui
681 2072 799 2118 velut
826 2071 1058 2134 respondes
1077 2108 1088 2128 ‚
1113 2090 1135 2117 a
1158 2090 1227 2119 me
1257 2076 1446 2140 positum

75 2155 137 2190 est
159 2145 268 2189 :sed
286 2144 332 2189 id
349 2155 398 2189 tu
422 2160 761 2189 commemorare
781 2141 960 2187 timuisti
982 2179 993 2196 ,
1030 2153 1238 2205 tanquam
1266 2145 1361 2208 ipse
1392 2146 1448 2191 ab

74 2215 184 2261 orbe
217 2225 309 2260 toto
332 2213 626 2259 exsufflandus
661 2230 768 2258 esses
788 2250 799 2268 ‚
836 2213 871 2257 si
906 2213 1013 2257 huic
1044 2213 1330 2260 exsufflationi
1362 2231 1449 2279 qua

59 2287 280 2350 >princeps
298 2284 454 2330 mundi
471 2295 512 2329 et
538 2301 560 2328 a
583 2284 777 2346 parvulis
795 2283 966 2342 ejicitur
990 2282 1104 2328 foras
1123 2320 1133 2339 ,
1152 2286 1449 2333 contradicere

77 2358 293 2403 voluisses.
329 2357 503 2400 Frustra
525 2364 564 2399 te
582 2354 805 2416 intorques
825 2354 1273 2412 argumentationibus
1295 2357 1444 2414 Vanis,

77 2445 163 2472 non
183 2427 384 2472 adversus
404 2442 470 2469 me
488 2461 499 2478 ,
533 2423 606 2469 sed
634 2423 834 2469 adversus
861 2440 1137 2469 communem
1162 2436 1342 2471 matrem
1363 2428 1450 2489 spi-

77 2497 274 2550 ritalem3
297 2511 396 2559 quae
415 2512 506 2540 non
527 2505 567 2539 te
597 2494 719 2539 aliter
738 2493 927 2557 peperit,
954 2508 1085 2555 quam
1103 2494 1215 2540 sicut
1242 2499 1335 2555 jam
1360 2514 1449 2542 non

127 2600 137 2621 ¹
161 2610 173 2629 1
198 2599 271 2629 Cor.
292 2607 348 2638 xv,
365 2607 405 2626 22
428 2600 459 2626 et
485 2601 540 2634 49.
557 2592 633 2617 —2
659 2593 727 2625 Lib.
762 2605 790 2626 1.
819 2593 859 2624 de
881 2593 1011 2635 Nuptiis
1027 2598 1060 2624 et
1079 2595 1221 2635 Concup.
1239 2604 1310 2637 cap.
1330 2607 1382 2636 19.
1403 2614 1447 2620 —

77 2653 92 2678 3
112 2652 194 2685 Ibid.
221 2663 277 2685 20.

1248 2702 1320 2747 25.
