1843 3190
318 294 411 355 298
728 308 763 337 5.
806 298 1050 336 Aucusrim
1084 304 1286 337 EPISCOPI

315 372 494 420 audiant
512 411 523 431 ,
546 383 595 419 111
622 371 750 418 etiam
774 372 807 417 si
824 369 1028 432 tangendi
1048 389 1137 417 non
1156 371 1256 417 inde
1275 372 1464 437 percipit
1487 370 1694 421 volunta-

316 453 427 500 tem,
459 443 607 489 saltem
648 442 940 506 voluptariam
977 442 1282 502 cogitationem
1319 443 1430 489 inter
1457 442 1695 491 necessaria

317 531 416 577 quae
437 514 491 559 ad
509 531 602 559 eam
626 530 714 558 non
738 512 983 576 pertinent,
1007 523 1129 558 motu
1159 513 1396 577 obrepente
1426 513 1607 570 furetur.
1642 512 1695 559 In
1724 531 1727 532 ⁷

314 583 418 647 ipsis
437 601 568 647 porro
593 583 933 643 cogitationibus
952 620 962 639 ‚
984 582 1114 629 etiam
1140 583 1316 646 quando
1334 582 1447 629 nihil
1465 582 1696 630 illecebro-

317 671 411 699 sum
429 654 600 715 adjacet
622 653 758 699 oculis
775 691 787 711 ,
815 664 889 699 aut
911 653 1082 699 insonat
1100 653 1279 699 auribus
1300 690 1311 710 ‚
1337 670 1436 717 quae
1454 670 1543 699 non
1566 671 1696 701 cona-

320 735 390 770 tur
405 725 533 770 etiam
554 724 747 770 obsoleta
771 734 900 787 atque
935 723 1075 786 sopita
1106 722 1480 769 recordationibus
1496 722 1698 788 inquietis

317 811 418 840 cum
443 795 563 857 turpi
582 793 867 839 delectatione
890 793 1092 838 refricare
1107 830 1119 849 ,
1147 804 1188 838 et
1213 794 1339 839 castis
1360 793 1603 856 sanctisque
1624 794 1698 840 in·-

317 864 588 909 tentionibus
606 863 798 909 tumultu
816 863 1009 926 quodam
1032 862 1221 908 sordidae
1237 862 1595 927 interpellationis
1612 864 1699 909 ob-

317 937 536 997 strepere?
560 934 585 978 J
591 952 658 979 am
686 950 787 980 vero
811 950 912 979 cum
936 932 992 978 ad
1011 949 1137 979 usum
1154 944 1335 979 ventum
1358 933 1488 979 fuerit
1509 951 1700 987 necessa-

316 1004 393 1050 riae
416 1004 654 1068 voluptatis
671 1042 682 1061 ‚
711 1022 790 1068 per
813 1022 944 1069 quam
962 1004 1180 1051 reficimus
1197 1021 1407 1068 corpora,
1437 1004 1535 1068 quis
1557 999 1700 1051 verbis

317 1075 499 1138 explicet
515 1113 526 1132 ,
556 1075 930 1139 quemadmodum
951 1091 1030 1120 nos
1053 1073 1234 1121 modum
1259 1072 1523 1120 necessitatis
1543 1073 1699 1120 sentire

319 1164 405 1192 non
424 1147 558 1202 sinat,
586 1157 628 1191 et
646 1146 790 1209 ipsum
816 1145 998 1191 limitem
1016 1138 1311 1208 procurandae
1334 1143 1500 1202 salutis,
1517 1144 1564 1191 in
1580 1161 1700 1209 quae-

322 1234 405 1280 que
429 1217 463 1261 si
495 1216 651 1262 adsunt
676 1215 952 1261 delectabilia
971 1214 1205 1279 rapiendo,
1242 1213 1482 1260 abscondat
1504 1211 1546 1260 61
1576 1225 1700 1260 tran-

319 1298 433 1341 seat3
460 1285 720 1350 putantibus
743 1286 871 1332 nobis
895 1285 994 1332 satis
1011 1303 1100 1332 non
1118 1303 1204 1332 esse
1227 1284 1348 1349 quod
1368 1283 1468 1331 satis
1484 1296 1571 1343 est,
1593 1284 1700 1331 dum

318 1358 503 1403 libenter
526 1362 616 1418 ejus
644 1357 1032 1421 provocationibus
1067 1355 1273 1403 ducimur
1306 1355 1592 1402 existimantes
1623 1372 1702 1401 nos

319 1427 468 1474 adhuc
492 1428 616 1488 agere
638 1428 860 1487 negotium
883 1427 1143 1474 valetudinis
1158 1465 1169 1485 ‚
1199 1443 1302 1473 cum
1335 1427 1511 1488 agamus
1550 1426 1698 1490 potius

318 1498 579 1545 cruditatis?
620 1497 741 1555 Quid
776 1498 890 1544 enim
914 1498 1018 1544 mali
1051 1496 1309 1554 fecerimus,
1336 1496 1517 1560 crapula
1547 1495 1699 1560 poeni-

318 1568 447 1615 tenda
472 1579 676 1623 testatur3
700 1567 819 1632 quod
841 1579 1078 1614 metuentes
1102 1567 1362 1631 plerumque
1381 1566 1543 1624 minus,
1567 1582 1701 1630 quam

318 1639 553 1701 eximendae
574 1639 679 1684 fami
712 1638 870 1684 sufficit
891 1676 903 1696 ‚
932 1633 1148 1685 vescimur
1169 1656 1180 1683 :
1206 1637 1266 1684 ita
1289 1638 1424 1684 nescit
1452 1631 1697 1700 cupiditas,

322 1709 400 1755 ubi
424 1711 574 1755 finitur
590 1709 832 1755 necessitas.
1526 1758 1529 1761 ,

383 1781 543 1826 LXXI.
588 1776 643 1824 Et
668 1779 766 1826 haec
799 1778 976 1843 quidem
1003 1777 1205 1825 vescendi
1233 1788 1363 1842 atque
1387 1763 1570 1841 potandi
1592 1775 1702 1823 10164

267 1888 272 1893 .
319 1851 469 1914 rabilis
487 1863 548 1897 est
570 1849 794 1914 voluptas,
817 1862 978 1913 quanta
995 1867 1226 1913 possumus
1248 1843 1488 1894 intentione
1511 1847 1702 1915 vigilan-

320 1922 436 1968 tibus
482 1921 608 1967 nobis
634 1958 644 1977 ,
691 1931 739 1966 ut
768 1919 936 1966 facilius
970 1937 1057 1966 non
1091 1919 1310 1983 impleat,
1354 1936 1488 1983 quam
1520 1914 1702 1964 medum

321 1991 554 2056 aliquando
574 1991 713 2037 victus
728 1990 978 2036 sufficientis
997 1988 1172 2036 excedat
1194 2007 1204 2035 :
1227 2000 1380 2035 contra
1398 1992 1522 2049 cujus
1540 2004 1703 2034 concu-

318 2063 577 2127 piscentiam
613 2072 654 2107 et
680 2060 923 2121 jejunando
958 2061 1001 2106 et
1036 2060 1210 2124 parcius
1248 2059 1453 2105 alimenta
1493 2054 1703 2107 sumendo

319 2149 597 2197 pugnamus:
629 2132 764 2195 eoque
793 2131 908 2177 malo
931 2131 1042 2177 bene
1073 2142 1175 2177 tunc
1206 2129 1390 2187 utimur,
1425 2127 1602 2194 quando
1625 2145 1704 2191 per

318 2204 438 2249 illam
462 2202 633 2249 nonnisi
666 2201 785 2266 quod
822 2201 951 2247 saluti
984 2196 1266 2258 conducibile
1298 2200 1361 2246 est
1392 2194 1572 2260 agimus.
1598 2192 1703 2265 Ideo

320 2286 461 2320 autem
497 2273 615 2318 hanc
650 2272 920 2335 voluptatem
956 2270 1042 2317 dixi
1070 2270 1367 2327 tolerabilem,
1401 2269 1504 2332 quia
1526 2264 1590 2314 vis
1613 2268 1704 2328 ejus

319 2355 438 2390 tanta
458 2360 547 2388 non
567 2353 629 2387 est
649 2380 659 2397 ‚
685 2353 733 2388 ut
756 2360 832 2388 1105
852 2360 875 2387 a
895 2341 1234 2402 cogitationibus
1255 2339 1310 2385 ad
1328 2333 1704 2417 sapieniiam-per-

319 2414 557 2462 tinentibus
579 2449 591 2469 ,
619 2413 653 2458 si
676 2413 722 2457 in
744 2430 812 2458 eas
831 2430 980 2458 sumus
1000 2410 1155 2458 mentis
1180 2400 1463 2456 delectatione
1477 2407 1671 2475 suspensi
1687 2444 1700 2464 ,

317 2481 552 2548 abrumpat
571 2493 617 2528 et
638 2479 825 2542 dejiciat.
857 2480 970 2528 Nam
994 2481 1108 2545 saepe
1140 2479 1194 2526 de
1229 2480 1394 2541 magnis
1420 2476 1555 2550 ‘rebus
1591 2472 1705 2546 inter

315 2546 465 2621 epulas
490 2552 579 2602 non
603 2545 742 2598 solum
774 2549 1015 2613 cogitamus
1033 2590 1044 2609 ‚
1078 2544 1364 2597 verumetiam
1397 2544 1700 2621 disputamu8‚

325 2638 453 2690 atque
473 2626 583 2672 inter
623 2624 742 2687 ipsos
766 2623 968 2670 ciborum
997 2638 1167 2669 morsus
1200 2631 1242 2669 et
1265 2614 1498 2685 potionum
1531 2613 1700 2680 glutus,
