1843 3190
119 297 293 331 CONTRA
325 295 441 329 DUAS
475 295 712 329 EPISTOLAS
747 294 1116 338 PELAGIANORUM,
1153 298 1242 330 LIB.
1284 299 1344 332 lv.
1417 286 1476 348 47

103 386 126 408 »
143 364 270 411 nobis
292 374 490 410 mortuus
501 371 592 417 est;
613 361 752 409 multo
776 361 910 422 magis
926 361 1155 422 justificati
1179 380 1298 410 nunc
1319 366 1365 410 in
1384 383 1479 412 san-

105 456 128 479 »
149 436 278 496 guine
305 435 440 500 ipsius
455 470 469 491 ,
505 431 614 480 salvi
635 432 796 479 erimus
827 432 883 478 ab
913 432 977 478 ira
998 450 1078 497 per
1101 433 1263 497 ipsum.
1294 434 1341 480 Si
1359 437 1474 482 enim

104 526 126 548 »
143 522 245 552 cum
266 504 434 552 inimici
456 519 642 549 essemus
657 540 668 559 ‚
696 501 965 550 reconciliati
989 519 1136 550 sumus
1163 505 1255 551 Deo
1271 522 1351 568 per
1366 523 1480 551 mor-

106 596 128 618 »
146 585 234 621 tem
257 575 356 621 Filii
389 577 506 634 ejus:
545 572 686 618 multo
710 572 846 633 magis
875 573 1170 631 reconciliati,
1197 574 1303 622 salvi
1321 576 1480 622 erimus

105 645 192 705 »in
225 645 316 693 vita
346 645 495 708 ipsius.
533 643 633 689 Non
659 642 800 689 solum
821 653 965 689 autem
982 680 993 700 ‚
1015 643 1090 690 sed
1117 654 1160 690 et
1184 644 1414 705 gloriantes
1434 646 1482 692 in

106 736 128 758 »
147 717 239 762 Deo
259 719 493 779 perJesum
516 713 741 760 Christum
764 714 1005 760 Dominum
1025 725 1241 773 nostrum,
1260 733 1340 780 per
1352 733 1482 780 quem

102 805 126 829 a>
145 796 186 831 et
200 802 318 832 nunc
336 784 735 832 reconciliationem
748 785 942 848 accepim
952 802 1014 832 us.
1040 786 1208 832 Deidde
1226 787 1477 850 subjungit:

104 855 331 920 »Propter
366 855 454 902 hoc
493 856 608 902 sicut
639 871 720 918 per
756 871 894 900 unum
928 855 1155 902 hominem
1181 868 1413 920 peccatum
1438 858 1486 904 in

104 926 262 972 »hunc
280 925 526 972 mundum
514 926 736 982 intravit„
753 935 792 970 et
821 942 900 988 per
923 937 1154 989 peccatum
1183 944 1324 985 mors,
1358 938 1399 974 et
1423 928 1484 974 ita

104 1017 126 1039 »
149 998 195 1043 in
213 1013 361 1042 omnes
383 997 582 1042 homines
604 997 881 1059 pertransiit,
907 997 952 1041 in
978 1014 1065 1059 quo
1099 1015 1246 1044 omnes
1268 1015 1430 1061 peccav
1434 1017 1483 1045 e-

74 1099 78 1102 *
105 1087 128 1110 »
151 1064 300 1112 runtl.
328 1087 349 1107 »
364 1065 485 1122 Quid
499 1066 833 1125 tergiversantur
851 1065 1103 1126 pelagiani?
1125 1067 1171 1113 Si
1189 1068 1391 1114 omnibus
1405 1086 1481 1115 ne-

105 1135 286 1183 cessaria
304 1146 366 1181 est
388 1135 685 1182 reconciliatio
712 1152 791 1198 per
818 1135 1045 1181 Christum
1060 1173 1072 1193 ‚
1098 1154 1177 1200 per
1201 1154 1346 1184 omnes
1366 1149 1481 1185 tran-

104 1207 176 1268 siit
191 1216 422 1270 peccatum
437 1243 448 1262 ‚
476 1222 563 1269 quo
585 1205 753 1251 inimici
775 1204 939 1251 suimus
960 1242 971 1262 ‚
996 1217 1045 1251 ut
1071 1224 1180 1270 opus
1213 1209 1484 1255 reconciliari

103 1277 498 1324 haberemusHaec
518 1275 815 1323 reconciliatio
840 1287 903 1322 est
927 1276 974 1322 in
999 1276 1172 1324 lavacro
1192 1280 1482 1339 regeneratio-

104 1346 172 1394 nis
198 1357 241 1394 et
272 1346 436 1394 Christi
473 1364 602 1393 carne
629 1357 672 1393 et
694 1346 902 1408 sanguine
918 1385 930 1405 ,
959 1347 1051 1393 sine
1083 1364 1171 1411 quo
1203 1366 1284 1395 nec
1308 1350 1483 1413 parvuli

105 1428 288 1481 possunt
308 1417 474 1464 habere
492 1417 628 1464 vitam
647 1417 693 1464 in
714 1418 967 1481 semetipsis.
994 1417 1120 1464 Sicut
1142 1418 1258 1465 enim
1274 1419 1359 1466 fuit
1376 1437 1486 1467 unus

109 1487 165 1533 ad
189 1498 373 1534 mortem
387 1498 827 1551 propterpeccatum,
849 1488 908 1533 sic
922 1498 986 1534 est
1002 1505 1114 1534 unus
1134 1488 1190 1534 ad
1201 1489 1335 1536 vitam
1353 1508 1485 1554 prop-

108 1568 173 1604 ter
186 1558 418 1618 justitiam.
450 1580 471 1600 «
493 1559 606 1615 Quia
628 1558 741 1604 sicut
763 1558 809 1604 in
833 1558 975 1604 Adam
999 1575 1146 1604 omnes
1164 1559 1413 1606 moriuntur
1427 1562 1445 1589 2
1470 1598 1483 1618 ,

109 1651 130 1673 »
153 1631 214 1676 ita
248 1642 290 1677 et
329 1631 374 1677 in
415 1630 592 1676 Christo
637 1647 785 1677 omnes
838 1631 1181 1678 vivificabuntur
1228 1649 1240 1676 :
1286 1643 1328 1677 et
1378 1633 1490 1680 sicut

109 1722 132 1745 »
155 1718 234 1764 per
253 1701 381 1746 unius
402 1700 609 1747 delictum
645 1700 692 1747 in
718 1718 865 1747 omnes
889 1701 1088 1747 homines
1129 1700 1186 1747 ad
1219 1701 1489 1749 condemna-

111 1792 132 1813 »
159 1771 338 1829 tionem,
365 1771 425 1817 ita
445 1782 487 1817 et
509 1789 588 1834 per
610 1771 740 1817 unius
772 1771 1130 1831 justificationem
1162 1771 1210 1817 in
1230 1788 1377 1818 omnes
1400 1773 1488 1819 lio-

108 1841 282 1887 »mines
307 1840 363 1888 ad
392 1842 749 1902 Justificationem
788 1843 891 1889 vitae
905 1843 937 1890 ·⁹’.
968 1863 990 1884 »
1023 1842 1132 1900 Quis
1154 1842 1358 1890 adversus
1386 1843 1484 1890 haec

111 1911 347 1975 apostolica
367 1912 500 1958 verba
525 1922 645 1957 tanta
664 1912 826 1958 duritia
845 1912 1048 1958 nefandae
1070 1913 1308 1976 impietatis
1337 1913 1491 1959 obsur-
1536 1976 1538 1979 ‚

112 1980 226 2038 duit,
253 1992 302 2027 ut
320 1981 390 2028 his
409 1981 566 2028 auditis
580 1993 766 2028 mortem
784 1983 873 2029 sine
887 1993 1070 2046 peccato
1091 1983 1138 2028 in
1160 2001 1238 2029 nos
1251 2001 1330 2047 per
1349 1984 1490 2030 Adam

112 2052 313 2098 transisse
335 2053 571 2099 contendat
590 2090 602 2110 ,
640 2053 724 2100 nisi
747 2064 1071 2117 oppugnatores
1095 2054 1244 2114 gratiae
1265 2054 1370 2110 Dei,
1401 2055 1489 2101 ini-

113 2121 218 2167 mici
241 2122 384 2168 crucis
399 2122 594 2169 Christi?
614 2123 818 2179 Quorum
837 2124 936 2170 finis
953 2135 1015 2170 est
1031 2123 1274 2181 interitus&
1293 2125 1326 2170 si
1347 2126 1392 2170 in
1403 2125 1489 2170 hac

115 2191 405 2239 obstinatione
443 2192 711 2240 duraverint.
750 2194 912 2241 Verum
946 2194 1045 2239 haec
1090 2193 1242 2240 dixisse
1275 2193 1483 2250 sufficiat,

113 2272 296 2325 propter
312 2279 462 2308 eorum
487 2262 609 2308 illam
630 2263 864 2309 versutiam
889 2263 1179 2327 serpentinam
1194 2300 1207 2321 ‚
1230 2281 1316 2328 qua
1337 2264 1489 2311 volunt

114 2343 276 2379 mentes
292 2350 572 2396 corrumpere
600 2333 816 2397 simplices
830 2371 841 2391 ‚
868 2346 910 2380 et
933 2345 1122 2381 avertere
1143 2353 1166 2380 a
1190 2334 1423 2381 catholicae
1439 2335 1489 2380 fi-

116 2399 186 2447 dei
205 2403 418 2461 castitate,
440 2403 574 2451 veluti
595 2404 725 2450 laude
756 2415 985 2450 creaturae.

181 2473 259 2520 IX.
301 2477 435 2520 Porro
470 2484 612 2520 autem
636 2473 690 2520 de
722 2474 852 2521 laude
874 2474 1130 2538 nuptiarum
1157 2474 1267 2538 quid
1291 2474 1349 2521 eis
1377 2492 1489 2539 pro-

165 2561 178 2584 ¹
192 2565 285 2594 Rom.
312 2573 345 2606 v,
365 2564 396 2603 8,
409 2568 442 2596 et
458 2573 550 2606 seqq.
565 2579 609 2587 —
636 2561 651 2586 ²
672 2575 684 2595 1
706 2564 781 2597 Cor.
799 2574 851 2609 xv?
873 2573 930 2596 22.
955 2581 997 2589 —
1017 2560 1032 2586 3
1045 2566 1140 2597 Rom.
1155 2573 1185 2603 v,
1207 2565 1260 2596 18.
1278 2580 1323 2589 —
1340 2561 1486 2607 ⁴Philips

118 2626 172 2658 ιιι,
191 2617 244 2658 18,
267 2628 323 2659 19.
