1843 3190
296 271 391 327 46²4
717 284 751 313 s.
795 283 1039 315 Ancus‘rrm
1073 286 1277 316 EPISGOPI

299 349 505 413 superbia
526 366 536 393 :
566 349 610 394 Si
634 348 804 394 scissem
823 385 834 405 ‚
855 347 1075 405 fecissem3
1096 350 1193 396 ideo
1212 368 1301 396 non
1318 350 1399 396 feci
1416 388 1427 408 ,
1453 352 1556 412 quia
1571 368 1672 397 nes-

303 421 414 466 civi?
441 424 553 474 Aut,
577 418 621 462 Si
644 418 795 463 scirem
810 455 821 473 ‚
849 418 1030 463 facerem
1047 439 1058 473 3
1076 420 1174 465 ideo
1192 437 1280 465 non
1301 419 1411 465 facio
1426 458 1436 477 ‚
1453 422 1556 484 quia
1572 438 1673 466 nes-

305 491 402 536 cio?
443 489 552 534 Haec
594 488 652 533 eis
687 488 901 533 excusatio
944 488 1130 545 tollitur,
1183 490 1362 553 quando
1401 502 1673 554 praeceptum

306 559 454 613 datur,
476 558 542 604 vel
568 558 744 603 scientia
766 575 853 602 non
867 559 1082 620 peccandi
1103 560 1414 607 manifestatur.

372 631 456 675 Ill.
499 628 583 674 Sed
603 639 702 673 sunt
722 628 919 673 homines
942 629 1018 691 qui
1037 630 1163 674 etiam
1189 629 1242 675 de
1266 631 1361 693 ipso
1379 631 1468 675 Deo
1485 647 1527 675 se
1546 647 1678 676 excu-

307 717 399 746 sare
422 710 652 754 conantur,
678 699 840 762 quibus
864 699 970 744 dicit
1002 700 1224 762 apostolus
1247 702 1437 746 Jacobus
1464 718 1474 745 :
1499 722 1519 741 c<
1545 702 1680 745 Nemo

310 791 333 813 ))
357 787 457 815 cum
476 779 685 823 tentatur,
709 768 851 824 dicat,
871 770 1079 831 quoniam
1096 789 1118 815 a
1138 773 1228 815 Deo
1252 781 1407 817 tentor.
1436 773 1551 816 Deus
1567 771 1683 815 enim

311 862 332 883 »
358 841 591 885 intentator
623 838 837 883 malorum
871 849 932 883 est
961 857 971 883 :
999 840 1091 902 ipse
1116 851 1257 885 autem
1288 842 1502 886 neminem
1529 850 1678 886 tentat.

313 931 335 975 >3
361 910 668 971 Unusquisque
707 925 808 953 vero
840 919 1031 954 tentatur
1051 927 1074 954 a
1095 910 1448 973 concupiscentia
1476 927 1552 955 sua
1585 911 1687 955 abs-

313 1003 334 1024 »
359 991 521 1026 tractus
541 990 583 1024 et
601 979 771 1024 illectus
799 996 809 1023 z
839 979 995 1024 deinde
1026 981 1384 1043 concupiscentia
1407 998 1507 1027 cum
1529 997 1688 1027 conce—

317 1074 339 1095 »
362 1051 499 1116 perit,
537 1050 655 1112 parit
687 1060 914 1112 peccatum
941 1067 952 1094 ε
979 1062 1209 1113 peccatum
1235 1067 1335 1096 vero
1358 1068 1458 1097 cum
1483 1067 1690 1096 consum--

315 1144 336 1164 »
360 1133 526 1167 matum
547 1119 699 1174 fuerit,
722 1130 895 1179 generat
918 1131 1099 1165 mortem
1115 1119 1148 1166 1.
1177 1142 1198 1161 »
1221 1122 1328 1166 ltem
1351 1121 1404 1166 de
1424 1121 1519 1184 ipso
1544 1122 1634 1165 Deo
1650 1136 1692 1165 se

317 1208 514 1237 excusare
534 1189 782 1235 volentibns
796 1226 806 1243 ,
828 1190 1060 1252 respondet
1078 1190 1190 1236 liber
1210 1191 1549 1236 proverbiorum
1574 1189 1692 1235 Salo-

322 1262 459 1308 monis
482 1279 492 1305 :
516 1282 535 1301 <‹
564 1260 820 1322 Insipientia
853 1260 937 1305 viri
962 1260 1095 1305 violat
1119 1261 1208 1305 vias
1239 1265 1351 1320 ejus,
1391 1262 1525 1306 Deum
1549 1270 1694 1305 autem

321 1355 342 1375 »
366 1342 567 1378 causatur
587 1330 631 1374 in
651 1329 782 1375 corde
805 1347 881 1374 suo
896 1330 928 1376 ².
954 1352 973 1371 »
1001 1332 1055 1374 Et
1074 1330 1186 1375 liber
1210 1332 1534 1377 Ecclesiasticus
1553 1330 1660 1374 dicit
1681 1346 1692 1372 ε

324 1425 343 1444 α
366 1405 430 1449 Ne
454 1401 629 1454 dixeris,
653 1400 731 1462 qui
769 1411 950 1462 propter
986 1401 1223 1445 Dominum
1254 1401 1403 1446 recessi
1423 1421 1434 1454 ς
1460 1417 1559 1463 quae
1582 1401 1696 1444 enim

325 1495 346 1516 ›)
370 1473 463 1519 odit
480 1489 568 1517 non
591 1470 736 1516 facias.
766 1471 828 1514 §e
848 1471 1001 1515 dixeris
1017 1507 1027 1525 ,
1058 1471 1160 1533 quia
1183 1471 1274 1533 ipse
1297 1488 1363 1515 me
1387 1470 1587 1516 induxit:
1612 1486 1700 1514 non

326 1565 348 1586 ³)
371 1544 484 1589 enim
507 1558 618 1604 opus
647 1540 782 1585 habet
803 1540 892 1585 viro
918 1551 1157 1602 peccatore.
1194 1541 1336 1585 Omne
1359 1549 1701 1585 execramentum

329 1635 350 1655 >2
375 1613 468 1658 odit
492 1611 731 1665 Domian
762 1621 804 1654 et
842 1627 929 1654 non
960 1620 1021 1654 est
1056 1610 1242 1655 amabile
1269 1610 1524 1655 timentibus
1555 1609 1695 1655 illum.

329 1705 351 1725 »
376 1684 473 1746 Ipse
493 1682 549 1727 ab
570 1681 692 1726 initio
720 1680 822 1724 fecit
842 1679 1064 1725 hominem
1084 1717 1094 1734 ‚
1121 1690 1161 1725 et
1188 1680 1362 1742 reliquit
1381 1697 1478 1725 eum
1506 1680 1551 1724 in
1571 1694 1704 1723 manu

332 1776 353 1796 >³
379 1753 546 1799 consilii
569 1752 648 1796 sui.
677 1751 722 1795 Si
740 1749 946 1805 volueris,
965 1751 1238 1795 conservabis
1259 1750 1484 1801 mandata,
1508 1750 1552 1795 et
1575 1748 1705 1794 fidem

333 1846 355 1866 ³>
378 1824 535 1869 bonam
553 1821 719 1885 placiti.
751 1821 944 1883 Apponit
960 1821 1042 1865 tibi
1060 1821 1202 1880 ignem
1223 1831 1264 1864 et
1283 1837 1441 1883 aquam
1459 1857 1470 1875 ,
1489 1819 1544 1864 ad
1560 1818 1707 1881 quod-

332 1915 353 1936 »
379 1909 570 1955 cumque
593 1891 779 1937 volueris
807 1889 983 1935 extende
1020 1907 1196 1935 manum
1225 1901 1358 1935 tuam.
1399 1891 1449 1934 ln
1474 1898 1709 1951 conspectu

337 1986 357 2006 υ
382 1963 574 2009 hominis
588 1963 675 2006 vita
690 1971 731 2016 et
750 1977 886 2014 mors„
910 1971 951 2005 et
969 1960 1279 2023 quodcumque
1298 1960 1512 2022 placuerit
1531 1958 1712 2003 dabitur

334 2056 355 2078 ›>
379 2035 416 2080 ei
429 2038 461 2079 ²⁵.
486 2057 505 2075 ))
529 2034 640 2077 Ecce
660 2031 923 2093 apertissime
938 2030 1135 2075 videmus
1154 2047 1397 2092 expressum
1415 2029 1603 2074 liberum
1622 2027 1712 2072 hu-

339 2120 483 2149 manae
506 2101 740 2147 voluntatis
763 2100 1011 2146 arbitrium.

402 2174 476 2220 lV.
512 2172 630 2228 Quid
657 2169 766 2215 illud
786 2169 905 2232 quod
934 2181 1020 2214 tam
1051 2170 1198 2215 multis
1218 2170 1324 2215 iocis
1347 2169 1490 2214 omnia
1510 2166 1716 2212 mandata

338 2261 413 2290 sua
439 2241 647 2289 custodiri
667 2251 709 2285 et
727 2241 818 2284 fieri
836 2240 965 2300 jubet
989 2242 1130 2293 Deus3
1151 2239 1372 2303 quomodo
1387 2240 1543 2298 jubet,
1572 2237 1606 2281 si
1629 2253 1717 2281 non

340 2325 401 2359 est
422 2314 609 2359 liberum
633 2311 862 2356 arbitrium
881 2314 897 2355 Ρ
925 2311 1044 2366 Quid
1064 2311 1217 2355 beatus
1237 2310 1307 2355 ille
1321 2347 1331 2363 ‚
1354 2309 1407 2354 de
1422 2325 1510 2371 quo
1524 2305 1719 2351 Psalmus

339 2383 476 2437 dicit,
497 2381 616 2444 quod
636 2402 655 2421 c<
676 2382 721 2424 ln
739 2380 828 2439 lege
856 2380 1033 2425 Domini
1049 2379 1134 2424 fuit
1158 2379 1356 2424 voluntas
1375 2377 1494 2436 ejusl⁸
1512 2396 1524 2428 3
1545 2398 1562 2416 υ
1577 2391 1721 2420 nonne

335 2455 436 2499 satis
462 2451 628 2497 indicat
652 2449 877 2494 voluntate
906 2467 980 2494 sua
1006 2450 1227 2494 hominem
1254 2450 1299 2493 in
1322 2449 1412 2507 lege
1446 2446 1524 2490 Dei
1552 2444 1718 2490 consis-

337 2527 452 2570 tere?
488 2520 652 2566 Deinde
687 2531 773 2565 tam
795 2521 930 2565 multa
962 2520 1192 2576 mandata,
1221 2536 1320 2582 quae
1350 2519 1490 2582 ipsam
1526 2514 1723 2579 quodam

380 2604 521 2640 ¹Jac0b‚
548 2615 576 2644 1,
600 2606 648 2634 13.
671 2620 711 2626 -
728 2600 936 2641 2Pr0v.x1x.,
955 2604 985 2633 3.
1000 2600 1072 2624 —3
1095 2602 1187 2634 Eceli.
1209 2612 1259 2640 xv,
1281 2612 1333 2633 11.
1349 2618 1392 2624 —
1409 2597 1423 2622 ⁴
1439 2598 1520 2631 Psal.
1545 2609 1572 2637 1,
1588 2608 1621 2628 2.
