1843 3190
234 355 407 386 CONTRA
440 355 666 387 JULIANUM
702 355 1002 386 PELAGIANUM.
1042 356 1130 386 LIB.
1169 357 1235 387 ΙΙΙ.
1311 358 1400 405 209

39 417 194 463 addere
214 420 405 477 voluisti,
431 438 531 467 cum
555 431 703 484 postea
729 422 910 467 venisset
935 422 981 467 in
1000 433 1201 469 mentem.
1229 424 1403 469 Huma-

40 504 144 532 num
173 500 234 534 est
252 527 263 546 ,
298 491 403 536 solet
435 492 635 537 evenire:
665 491 771 554 quid
805 509 905 552 ergo
928 491 1038 537 illud
1076 503 1138 538 est
1161 492 1400 540 audiamus.

41 558 182 615 Dicis,
216 581 235 601 «
256 562 435 607 Factum
461 560 590 607 fuisse
612 562 921 625 propheticum
940 599 952 618 ,
977 562 1094 626 quod
1116 581 1232 609 nunc
1262 574 1408 609 osten-

43 644 135 674 sum
156 641 218 675 est
239 631 284 676 in
307 632 478 692 regione
507 632 688 686 Africae3
723 632 925 696 pulchrae
944 643 985 678 et
1005 644 1163 678 sanctae
1189 634 1377 679 mulieris
1395 670 1408 690 ,

44 715 143 762 quae
168 701 371 747 Ecclesiae
394 702 576 748 formam
605 702 782 747 tenebat
803 739 813 758 ,
835 712 979 747 tutum
1004 719 1091 747 non
1110 720 1196 748 esse
1220 703 1288 748 vel
1307 719 1417 748 con-

40 772 207 829 jugem,
229 771 296 816 vel
323 771 536 834 pudorem
553 809 564 828 ,
591 782 633 817 et
660 772 762 836 quia
797 771 862 817 ibi
903 771 1111 818 divinitus
1140 774 1302 819 intacta
1334 790 1421 818 ser·

48 850 145 885 vata
170 851 244 887 est.
269 862 289 882 >2
309 842 373 887 Ne
391 842 436 886 in
457 842 660 887 omnibus
677 842 762 888 tuis
780 842 922 888 verbis
946 841 1104 888 frustra
1126 844 1347 899 immorer,
1365 842 1421 888 ad

49 927 148 955 eum
175 911 246 956 cui
264 912 435 968 scribis,
461 922 499 957 te
520 913 734 959 convertis
760 923 802 957 et
824 912 960 958 dicis:
1000 935 1015 952 «
1044 913 1249 958 Orandus
1268 924 1329 958 est
1347 913 1423 958 hic

51 981 192 1037 Deus,
221 980 353 1027 frater
377 982 619 1028 beatissime
654 984 689 1026 T
695 983 870 1028 urbanti
889 1019 899 1036 ,
928 983 1211 1028 consacerdos
1230 982 1425 1028 dilectis-

0 1062 1 1066 ’
53 1051 174 1107 sime,
203 1063 251 1096 ut
275 1052 454 1114 paribus
476 1054 604 1097 etiam
626 1053 711 1098 hac
731 1062 982 1115 tempestate
1004 1052 1242 1097 virtutihus
1273 1052 1428 1098 Eccle-

51 1121 156 1166 siam
177 1120 499 1177 catholicam,F
502 1120 563 1167 ilii
575 1121 642 1166 sui
660 1138 861 1184 sponsam
875 1158 886 1177 ,
910 1131 1140 1178 maturam,
1153 1122 1424 1179 foecundam,

58 1201 216 1236 castam
238 1227 250 1247 ,
279 1190 480 1236 decoram
501 1228 511 1246 ‚
548 1209 570 1236 a
595 1190 948 1236 Manichaeorum
973 1193 1328 1255 constupratione
1345 1228 1356 1248 ,
1384 1193 1431 1236 in

60 1260 206 1307 Africa
226 1261 291 1308 vel
304 1279 352 1307 ex
365 1261 512 1307 Africa
528 1261 902 1317 latrocinantium,
929 1278 1075 1306 eruere
1094 1279 1181 1306 non
1199 1272 1436 1308 moretur.»

61 1333 169 1378 Haec
196 1343 342 1378 nostra
375 1334 522 1396 potius
557 1333 694 1378 oratio
727 1343 788 1378 est.
822 1332 1024 1378 adversus
1060 1332 1353 1388 Manichaeos,
1398 1342 1440 1376 et

61 1403 334 1459 Donatistas,
367 1414 408 1448 et
446 1403 549 1449 alios
576 1403 806 1449 haereticos
826 1440 838 1459 ,
866 1403 932 1448 vel
957 1402 1176 1466 quoslibet
1203 1402 1442 1448 Christiani

0 1483 1 1486 ’
63 1484 105 1519 et
128 1474 335 1519 catholici
359 1474 546 1519 nominis
563 1474 762 1520 inimicos
782 1473 828 1518 in
849 1472 994 1518 Africa
1016 1473 1287 1518 constitutos.
1319 1472 1441 1517 Con-

0 1546 3 1552 ’
65 1555 130 1590 tra
148 1562 223 1590 vos
242 1555 385 1590 autem
404 1582 415 1600 ,
446 1545 549 1607 quia
576 1544 704 1589 nobis
724 1545 821 1589 estis
846 1543 1094 1589 Pestilentia
1126 1543 1410 1588 transmarina
1429 1578 1441 1599 ‚

2 1623 10 1642 ⁶
68 1614 246 1660 Christo
289 1615 499 1660 salvatore
544 1613 759 1661 vincenda
778 1651 789 1670 ,
830 1612 1012 1658 ideo-ne
1049 1613 1362 1658 latrocinamur
1400 1629 1447 1657 ex

6 1705 13 1742 ξ
70 1684 243 1742 Africa,
272 1685 375 1748 quia
405 1702 540 1731 unum
566 1695 802 1748 martyrem
822 1683 930 1729 hinc
962 1683 1227 1746 opponimus
1257 1683 1448 1746 Cypria-

9 1770 13 1773 ·
37 1787 42 1791 -
70 1773 192 1814 num,
219 1773 297 1819 per
313 1773 442 1819 quem
466 1757 703 1820 probemus
728 1755 953 1817 antiquam
974 1771 1050 1799 nos
1077 1753 1302 1799 defendere
1318 1753 1448 1799 fidem

15 1846 18 1875 ;
73 1825 365 1883 catholicam,
408 1837 565 1872 contra
599 1825 731 1872 Vestri
760 1824 914 1870 erroris
946 1840 1104 1869 vanam
1136 1822 1452 1901 profanamque

14 1910 19 1918 ¹
74 1897 340 1942 novitatem?
383 1896 422 1941 O
461 1896 602 1941 nefas!
641 1895 883 1942 Defuerunt
924 1893 1130 1939 Ecclesiae
1167 1893 1244 1937 Dei
1269 1909 1369 1956 quae
1406 1893 1452 1937 in

16 1967 21 1991 ‘
78 1966 225 2013 Africa
254 1965 489 2011 constituta
512 1975 596 2021 est,
631 1963 863 2010 defuerunt
892 1962 1105 2008 orationes
1131 1972 1244 2012 tuae,
1275 1960 1452 2024 quando

22 2068 24 2074 ι
79 2037 156 2082 ista
174 2054 273 2099 quae
299 2053 547 2100 oppugniS,
575 2041 640 2098 (Β)
646 2035 823 2098 prianus
843 2033 1111 2079 beatissimus
1130 2030 1450 2094 praedicabat2?

23 2100 25 2115 ³
83 2108 272 2164 Quando
297 2108 368 2153 ille
401 2107 605 2162 dicebat,
643 2128 662 2147 α
684 2105 822 2150 Multo
849 2103 983 2163 magis
1011 2120 1033 2147 a
1057 2101 1317 2164 baptismate
1342 2118 1453 2163 pro-

26 2214 27 2217 =
85 2180 229 2226 hiberi
250 2197 339 2224 non
364 2178 493 2223 debet
519 2176 676 2231 infans,
697 2175 773 2238 qui
795 2190 940 2219 recens
958 2182 1085 2217 natus
1108 2170 1219 2215 nihil
1238 2171 1453 2233 peccavit,

26 2266 31 2290 1
86 2251 167 2297 nisi
186 2249 304 2314 quod
331 2247 570 2294 secundum
596 2245 674 2292 Ad
668 2262 736 2290 nn
771 2242 1000 2289 carnaliter
1022 2251 1178 2296 natus,
1207 2241 1458 2300 contagium

32 2376 33 2379 Ἴ
89 2322 241 2367 mostis
264 2319 457 2381 antiquae
485 2317 617 2380 prim
606 2334 628 2361 a
653 2314 874 2360 nativitate
897 2310 1137 2364 connaxit,
1171 2320 1219 2355 ut
1254 2311 1291 2354 ei
1315 2311 1460 2356 remit-

93 2402 241 2438 tantur
276 2406 362 2435 non
399 2388 611 2451 propria,
639 2385 712 2431 sed
736 2384 870 2429 aliena
896 2391 1075 2446 peccata
1104 2398 1115 2425 ι
1153 2380 1327 2443 quando
1360 2380 1458 2426 haec

96 2463 161 2525 C)
167 2462 343 2525 prianus
363 2458 576 2503 didicerat
597 2467 638 2501 et
660 2455 875 2510 docebat,
902 2452 1040 2498 deluit
1058 2451 1262 2497 auxilium
1278 2468 1461 2513 precum

98 2543 296 2586 tuarum,
321 2547 408 2592 quo
431 2528 563 2574 Sara
554 2545 599 2572 ιιι
628 2526 799 2585 regione
823 2491 982 2570 Ai'iicae
1013 2539 1104 2567 serv
1109 2521 1459 2575 areturintacta,

100 2612 142 2647 et
168 2618 191 2645 a
217 2602 321 2645 Man
306 2599 487 2645 ichae01
495 2615 564 2643 um
590 2595 963 2659 constuplatione,
980 2592 1057 2656 qui
1075 2589 1312 2637 secundum
1332 2589 1465 2635 intel-

151 2685 161 2707 1
181 2686 227 2726 Ep
220 2682 280 2714 ›ist.
298 2682 352 2718 64.
367 2682 406 2713 ad
420 2680 542 2713 Filnm.

238 2753 368 2782 extu.
1297 2727 1350 2781 14
