1843 3190
330 293 506 326 CONTRA
542 291 769 326 JULIANUM
803 290 1109 335 PELAGIANUM‚
1148 294 1236 326 Lus.
1279 294 1330 326 11.
1422 279 1508 344 137

133 361 298 406 bonum
315 397 326 416 ‚
354 377 439 405 esse
458 359 690 405 hominum
712 356 1003 414 conditorem,
1025 358 1193 404 munda
1213 359 1341 405 etiam
1363 359 1416 406 de
1434 360 1510 406 im-

132 431 307 477 mundis
320 430 594 476 ineffabiliter
613 440 863 492 operantem
880 449 891 483 ;
910 430 1107 492 quamvis
1126 429 1358 475 hominum
1382 447 1508 476 nemo

130 501 320 547 mundus
332 511 549 556 nascatur,
572 499 722 544 etideo
741 499 880 545 donec
895 499 1133 544 mundetur
1154 499 1322 562 Spiritu
1338 509 1504 555 sancto,

131 572 213 617 sub
239 573 395 634 spiritu
414 570 643 616 immundo
661 587 747 616 esse
767 581 959 629 cogatur.
992 571 1081 615 Nec
1104 581 1506 633 quantamcumque

129 641 451 686 immunditiam
470 651 725 686 naturarum
741 677 752 696 ‚
776 640 913 686 ullum
934 640 1099 686 crimen
1119 657 1204 685 esse
1222 640 1504 702 nuptiarum:

130 712 293 756 bonum
317 713 483 774 quippe
511 711 774 757 discernitur
799 712 1032 774 proprium
1058 710 1313 773 nuptiarum
1348 728 1368 755 a
1401 726 1508 772 quo-

129 780 237 825 libet
261 781 366 826 vitio
388 793 658 826 naturarum.
692 781 780 825 Nec
814 781 944 826 ullius
972 791 1144 825 reatum
1169 796 1386 825 remanere
1407 795 1508 841 pec-

131 851 213 895 cati
234 887 244 905 ‚
265 851 338 913 qui
362 868 447 895 non
471 867 518 895 ea
540 867 637 912 qnae
667 849 712 894 in
735 850 911 895 Christo
934 852 983 895 fit
1016 850 1336 909 regeneratione
1364 848 1510 892 solva*

131 931 230 974 tur3
258 922 456 983 quamvis
487 921 717 966 infirmitas
751 932 906 976 restet,
935 931 1086 967 contra
1122 937 1253 983 quam
1281 919 1324 963 in
1350 918 1507 980 seipso

131 992 410 1035 constitutam
435 1001 705 1050 regeneratus
731 991 762 1035 si
795 992 972 1054 proficit
995 1002 1175 1053 pugnet.
1208 989 1298 1034 Nec
1330 989 1505 1051 iniquus

129 1071 190 1105 est
222 1061 364 1113 Deus,
402 1077 502 1104 cum
538 1060 731 1122 peccatis
768 1061 855 1105 sive
892 1061 1177 1120 originalibus
1207 1059 1293 1105 sive
1317 1057 1506 1121 propriis

129 1129 260 1189 (ligna
283 1130 486 1175 retribuit
506 1147 516 1174 ε
545 1129 766 1193 magisque
797 1130 972 1193 iniquus
992 1140 1065 1176 aut
1089 1130 1288 1175 infirmus
1309 1127 1505 1172 ostendi-

132 1210 231 1255 tur,
272 1200 306 1245 si
335 1204 488 1259 jugum
533 1216 660 1259 grave
695 1217 825 1276 super
865 1201 977 1246 filios
1018 1200 1186 1255 Adam,
1224 1217 1246 1244 a
1285 1198 1353 1243 die
1391 1197 1502 1242 sicut

129 1270 342 1332 scriptum
371 1280 433 1314 est
456 1269 492 1324 1,
520 1269 756 1315 natititatis
778 1286 923 1315 eorum
952 1269 1151 1346 usquein
1170 1268 1282 1314 diem
1304 1266 1504 1330 sepultu-

127 1356 188 1384 rae
206 1340 251 1384 in
271 1350 454 1384 matrem
483 1339 818 1396 oniniun1‚sub
837 1357 924 1403 quo
942 1345 1048 1400 Jugo
1071 1339 1214 1399 imago
1237 1342 1328 1398 ejus
1359 1336 1502 1382 atteri-

129 1421 221 1465 tui,
247 1420 321 1454 aut
345 1410 436 1472 ipse
455 1409 578 1455 nullo
604 1410 672 1455 vel
693 1411 892 1469 originali
923 1411 990 1457 vel
1020 1410 1200 1474 proprio
1231 1407 1504 1471 praecedente

126 1490 329 1543 peccato,
357 1490 431 1524 aut
455 1479 645 1542 quilibet
663 1479 769 1525 alius
788 1481 883 1543 ipso
907 1481 1097 1544 imponit
1123 1479 1274 1525 invito.
1301 1478 1390 1523 Nec
1408 1494 1505 1540 per-

126 1549 254 1594 fectio
283 1559 345 1594 est
375 1548 644 1612 desperanda
670 1549 844 1596 virtutis
860 1587 871 1606 ‚
906 1568 982 1614 per
1011 1554 1102 1609 ejus
1125 1548 1307 1608 gratiam
1326 1584 1336 1603 ,
1359 1547 1435 1610 qui
1456 1562 1503 1592 ex

127 1619 290 1678 origine
316 1619 511 1664 vitiatam
537 1630 706 1665 mutare
724 1631 866 1684 potest
890 1632 932 1666 et
959 1638 1108 1666 sanare
1128 1630 1344 1664 naturam.

193 1690 266 1736 lV.
305 1688 541 1749 Aggrediar
573 1689 708 1749 igitur
741 1691 921 1753 implere
955 1689 1315 1754 pollicitationem
1340 1705 1495 1734 meam.

128 1760 217 1804 Nec
245 1759 324 1804 ista
354 1760 547 1823 quinque
581 1772 834 1820 argumenta
861 1772 1031 1817 vestra,
1067 1778 1113 1806 ex
1149 1759 1310 1823 quibus
1343 1768 1502 1804 cuncta

127 1829 380 1875 connectitis
396 1867 406 1885 ‚
440 1846 540 1892 quae
559 1829 604 1875 in
628 1830 713 1876 hac
737 1831 981 1894 quaestione
1006 1831 1207 1876 adversus
1238 1828 1501 1874 catholicam

126 1899 257 1945 fidem
303 1899 605 1963 multipliciter
652 1900 885 1964 disputatis
900 1939 910 1957 ‚
954 1901 1206 1961 singillatim
1247 1898 1501 1943 testimoniis

127 1981 376 2016 sanctorum
406 1970 638 2016 refutanda
662 1972 897 2035 suscipiam
930 1989 940 2016 ε
973 1971 1047 2017 sed
1072 1980 1284 2034 quantum
1308 1967 1500 2032 potuerit

126 2057 273 2086 eorum
297 2041 466 2103 percuti
489 2051 530 2086 et
553 2040 701 2101 dejici,
735 2043 863 2087 etiam
887 2059 988 2088 cum
1012 2060 1034 2087 a
1065 2058 1133 2086 me
1165 2040 1218 2085 de
1241 2038 1394 2084 litteris
1429 2055 1498 2083 ca-

129 2110 394 2155 tholicorum
434 2111 744 2174 episcoporum
787 2112 957 2172 singula
990 2111 1268 2175 proferentur
1288 2146 1299 2165 ‚
1329 2118 1500 2154 tantum

125 2180 395 2242 percutietur
418 2191 547 2243 atque
564 2181 806 2240 dejicietur,
829 2182 914 2228 sive
936 2199 1071 2227 unum
1096 2197 1263 2236 eorum,
1282 2179 1368 2224 sive
1388 2177 1495 2233 duo,

125 2251 211 2296 sive
235 2250 364 2313 plura
385 2288 396 2307 ‚
425 2251 512 2297 sive
536 2251 682 2297 omnia
697 2289 709 2306 ,
742 2256 853 2298 sicut
877 2252 1059 2298 valuerit
1093 2250 1212 2315 quod
1236 2248 1490 2313 proferetur.

126 2321 269 2367 Veluti
291 2331 353 2366 est
382 2320 493 2367 illud
521 2322 567 2367 in
601 2321 717 2368 libro
739 2339 869 2386 quem
908 2322 961 2368 cle
995 2340 1093 2368 arca
1120 2323 1214 2368 Noe
1242 2318 1501 2382 conscripsit

123 2389 277 2436 beatus
301 2391 604 2448 Ambrosius2‚
630 2413 650 2432 α
671 2396 752 2438 Per
786 2410 941 2449 unum,
967 2393 1133 2457 inquit,
1165 2391 1404 2437 Dominum
1433 2393 1500 2434 Je-

124 2477 219 2506 sum
242 2460 354 2506 salus
380 2472 562 2508 ventura
583 2463 833 2510 nationibus
854 2463 1100 2510 declaratur
1121 2500 1132 2519 ‚
1165 2463 1242 2527 qui
1271 2460 1384 2507 solus
1408 2476 1496 2504 non

124 2531 268 2595 potuit
283 2535 424 2591 justus
452 2549 555 2589 esse,
580 2550 682 2579 cum
703 2535 920 2594 generatio
944 2535 1084 2582 omnis
1105 2543 1287 2590 erraret,
1315 2530 1396 2577 nisi
1413 2546 1495 2574 na-

174 2614 183 2636 ¹
204 2614 299 2648 Eecli.
315 2625 366 2653 xz,
392 2626 422 2650 1.
443 2631 486 2640 —
501 2614 516 2638 ²
532 2615 721 2650 Ambrosius
735 2617 793 2652 lib.
811 2617 850 2650 de
864 2628 935 2651 arca
949 2620 1031 2652 Noe.
