1843 3190
275 296 448 327 CONTRA
482 295 706 327 ,IULIANUM
743 293 1045 333 PELAGIANUM‚
1084 294 1171 324 ΠΒ.
1213 294 1283 324 111.
1360 275 1452 324 233

83 373 308 418 naturam,
347 362 462 407 unde
498 360 685 407 trahitur
721 359 926 419 originale
957 369 1188 422 peccatum
1223 368 1264 404 et
1297 361 1454 418 jugum

82 451 211 493 grave
234 450 362 496 super
382 432 490 478 filios
511 430 664 478 Adam.

146 504 264 548 LXI.
309 503 406 548 Non
431 502 571 557 enim,
599 501 708 546 sicut
731 512 777 546 tu
803 498 1146 560 argumentaris1
1172 516 1183 544 :
1205 518 1223 540 ει
1246 497 1269 542 J
1277 497 1454 542 udaeum

82 573 163 618 sub
181 573 270 631 lege
288 573 476 635 positum
497 570 771 616 describebat
791 570 1024 633 Apostolus
1043 569 1258 614 dicentem
1278 585 1289 613 ι
1313 589 1332 608 (ι
1352 566 1451 612 Scio

82 665 103 685 >2
128 643 231 705 quia
254 660 341 688 non
375 642 548 687 habitat
582 642 628 686 in
652 658 744 697 me,
764 663 784 682 »
809 641 897 686 hoc
921 651 983 686 est
999 677 1009 691 ,
1038 640 1084 684 in
1108 655 1237 684 carne
1257 654 1351 682 mea
1366 637 1454 681 bo-

82 730 189 761 num
219 730 229 754 ε
257 723 319 767 et,
348 732 368 752 α
392 714 491 756 Non
516 728 593 771 ego
611 727 768 774 operor
793 709 904 755 illud
922 747 933 765 ,
969 708 1043 755 sed
1064 708 1183 772 quod
1214 707 1388 752 habitat
1411 705 1459 750 in

85 805 105 825 »
133 799 199 827 me
216 792 444 844 peccatum
470 799 480 825 ε
505 802 524 823 ³>
550 792 591 826 et
608 818 618 835 ‚
637 802 657 822 ‹<
675 780 786 825 Mihi
804 780 967 825 malum
990 779 1188 839 adjacet:
1208 800 1227 819 >2
1248 787 1312 832 et,
1339 797 1359 817 «
1378 775 1458 821 Vi-

85 876 105 896 »
129 853 208 898 cleo
247 851 372 896 aliam
415 851 550 910 legem
583 851 627 895 in
656 850 861 896 membris
902 850 1006 894 meis
1040 858 1353 911 repugnantem
1376 844 1460 904 legi

85 946 106 966 »
131 922 282 968 mentis
307 922 446 967 meae'2
476 939 486 966 z
517 943 535 962 »
560 921 632 967 sed
660 921 1185 966 describebathumanam
1203 917 1345 963 inhac
1365 932 1459 961 cor-

84 992 285 1056 ruptibili
310 1009 437 1036 carne
469 1002 695 1047 naturam,
722 1008 809 1036 non
836 1007 963 1053 opere
998 990 1078 1034 Dei
1103 1006 1204 1034 cum
1227 988 1334 1034 vitio
1367 985 1463 1049 pri·-

84 1065 215 1110 mitus
236 1063 479 1108 institutam
495 1099 504 1117 ,
529 1062 602 1107 secl
622 1079 668 1107 ex
691 1061 927 1107 voluntatis
949 1060 1130 1106 arbitrio
1148 1059 1343 1106 veniente
1366 1055 1461 1119 pri-

84 1151 254 1180 morum
284 1133 513 1178 hominum
547 1132 653 1178 vitio
677 1132 928 1177 sauciatam.
957 1131 1095 1190 Cujus
1113 1130 1227 1175 enim
1254 1146 1335 1174 vox
1363 1137 1455 1172 est:

87 1227 105 1246 α
129 1203 277 1249 Infelix
303 1220 380 1262 ego
401 1203 561 1258 homo,
589 1202 665 1266 qui
704 1219 770 1246 me
794 1201 1002 1246 liberabit
1028 1200 1081 1245 cle
1104 1215 1286 1262 corpore
1310 1197 1462 1243 mortis

88 1297 108 1318 »
131 1275 291 1334 hujus?
313 1273 463 1318 Gratia
492 1272 571 1317 Dei
593 1289 671 1335 per
688 1272 836 1317 Jesum
856 1271 1082 1317 Christum
1098 1269 1334 1315 Dominum
1357 1284 1462 1313 nos-

87 1366 108 1387 »
133 1343 293 1390 trum-3.
322 1364 342 1384 »
366 1341 593 1405 Numquid
611 1343 635 1387 J
642 1341 786 1387 udaei?
809 1342 934 1388 Absit
956 1358 968 1386 ι
992 1340 1064 1385 sed
1083 1340 1172 1385 sine
1190 1338 1463 1384 dubitatione

87 1415 338 1462 Christiani.
368 1415 472 1473 Ejus
485 1430 584 1473 ergo
600 1429 727 1459 voces
750 1423 850 1458 sunt
870 1412 1000 1457 etiam
1023 1411 1110 1456 illae
1134 1410 1396 1473 superiores,
1415 1424 1464 1453 ex

89 1486 250 1551 quibus
273 1485 371 1530 haec
396 1494 705 1547 consequenter
735 1500 928 1546 expressa
949 1492 1023 1528 est.
1059 1482 1158 1544 Ipse
1182 1480 1295 1526 enim
1317 1478 1424 1524 dixit
1447 1495 1458 1522 t

89 1580 109 1600 α
135 1556 283 1602 Gratia
316 1555 397 1600 Dei
426 1572 493 1599 me
516 1554 723 1599 liberabit
757 1553 810 1598 de
835 1569 1017 1616 corpore
1045 1551 1194 1597 mortis
1228 1551 1362 1608 hujus
1386 1565 1463 1612 per

90 1650 110 1670 »
135 1629 281 1672 Jesum
316 1625 542 1670 Christum
581 1624 819 1670 Dominum
852 1635 1076 1674 nostrum3
1099 1643 1119 1663 2)
1145 1621 1222 1683 qui
1252 1620 1428 1665 dicebat
1450 1635 1461 1662 ε

91 1721 110 1739 a
134 1696 270 1742 Video
296 1694 423 1740 aliam
442 1694 578 1754 legem
600 1695 643 1740 in
667 1694 874 1739 membris
908 1693 1012 1738 meis
1044 1701 1356 1755 repugnantem
1382 1688 1466 1747 legi

91 1791 111 1811 »
138 1777 290 1813 mentis
311 1781 432 1811 meae.
464 1786 484 1805 »

156 1838 297 1883 LXII.
342 1836 426 1881 Sed
451 1852 503 1880 ne
534 1835 644 1880 forte
667 1835 793 1879 istam
819 1832 1123 1879 catechumeni
1148 1830 1358 1877 existimes
1380 1846 1463 1875 vo-

92 1925 185 1955 cem
204 1907 426 1953 lavacrum
445 1904 778 1965 regenerationis
798 1903 944 1949 adhuc
965 1903 1176 1966 sperantis
1190 1939 1200 1957 ‚
1222 1910 1322 1964 post
1344 1898 1465 1963 quod

90 1979 314 2024 lavacrum
338 1976 504 2021 nullam
531 1975 666 2035 legem
687 1975 856 2038 peccati
885 1974 1148 2019 resistentem
1170 1971 1254 2031 legi
1279 1970 1435 2016 mentis
1450 2005 1462 2024 ‚

91 2048 325 2095 habiturus
359 2057 464 2092 esset
496 2046 543 2091 in
573 2046 779 2091 membris
797 2082 808 2101 ,
835 2045 1116 2108 (quanquam
1143 2043 1304 2105 tuipse
1321 2078 1331 2097 ‚
1358 2040 1470 2085 sicut

95 2121 148 2165 de
166 2130 205 2164 te
224 2120 286 2163 vis
315 2117 565 2172 credamus,
594 2117 795 2163 adversus
825 2116 959 2175 hujus
985 2112 1351 2176 concupiscentiae
1372 2128 1469 2155 ma-

94 2189 186 2234 lum
203 2225 214 2244 ,
251 2205 329 2251 per
364 2187 641 2232 continentiae
674 2187 843 2231 bonum
863 2222 873 2241 ,
907 2185 1091 2244 gloriosa
1115 2181 1351 2228 certamina
1372 2190 1472 2244 post

95 2260 317 2305 lavacrum
356 2257 686 2317 regenerationis
730 2255 987 2317 exerceas‚)
1022 2253 1160 2300 recole
1196 2263 1340 2298 tamen
1362 2250 1471 2315 quid

97 2330 259 2377 scribat
279 2328 334 2374 ad
357 2327 534 2374 Galatas
553 2365 563 2384 ‚
587 2338 699 2373 certe
719 2327 917 2372 homines
939 2325 1197 2389 baptizatos.
1222 2344 1241 2365 c<
1258 2323 1368 2367 Dico
1389 2338 1473 2366 au-

98 2422 119 2443 »
146 2411 226 2446 tem
245 2437 254 2453 ‚
283 2399 448 2462 inquit,
475 2398 632 2461 spiritu
653 2397 872 2443 ambulate
887 2434 899 2452 ‚
920 2407 961 2443 et
978 2393 1352 2458 concupiscentias
1377 2409 1474 2438 car-

100 2494 121 2514 »
145 2471 210 2516 nis
243 2487 295 2515 ne
326 2468 631 2533 perfeceritis&
667 2490 687 2510 »
712 2469 811 2514 Non
844 2468 924 2524 ait,
954 2485 1007 2513 ne
1042 2465 1256 2518 feceritis;
1281 2463 1382 2526 quia
1407 2478 1474 2507 eas

149 2552 294 2583 ¹Confer
319 2551 375 2583 lib.
395 2550 433 2582 de
447 2550 545 2592 gratia
562 2550 832 2586 Cllristian11m‚c.
856 2551 910 2590 39.
940 2555 972 2580 et
1000 2547 1059 2579 lib.
1096 2559 1125 2580 1.
1156 2552 1242 2578 cont.
1270 2545 1347 2576 duas
1378 2543 1474 2586 epist.

101 2609 206 2651 Pelag.
226 2619 296 2650 cap.
317 2609 408 2640 8010.
426 2605 498 2631 ——2
517 2610 611 2640 Rom.
627 2617 687 2645 vn,
711 2607 827 2638 18-23.
851 2622 897 2629 --
913 2602 1025 2636 31bid.
1044 2610 1098 2640 ²4-
1126 2619 1169 2625 —
1189 2599 1204 2625 4
1223 2601 1326 2634 Galat.
1347 2611 1376 2639 v,
1401 2601 1451 2632 16.
