1843 3190
315 325 373 361 22
739 329 774 360 S·
819 327 1063 361 AUGUSTINI
1097 328 1299 361 EPISCOPI

317 395 467 445 necin
491 394 656 453 anima,
691 411 771 441 nec
803 394 846 441 in
882 412 1041 449 carne3
1072 405 1113 442 et
1144 392 1418 459 suscipiendo
1443 410 1617 441 carnem
1644 392 1691 440 in

319 468 601 515 similitudine
629 467 768 513 carnis
795 467 963 529 peceati
991 466 1044 512 de
1066 478 1248 529 peceato
1274 466 1499 512 damnasse
1529 482 1690 529 pecca-

320 550 428 586 tum.
451 538 581 595 Quod
600 538 868 583 subobscure
887 537 941 581 ab
957 537 1162 600 Apostolo
1181 537 1348 582 dietum
1364 537 1537 582 dnobus
1554 535 1694 581 modis

320 610 527 656 solvitur:
552 609 638 654 sive
665 607 767 670 quia
798 624 940 652 rerum
968 607 1271 652 similitudines
1300 607 1435 652 solent
1458 624 1606 652 earum
1629 623 1693 651 re-

317 696 417 725 rum
452 678 703 724 nominibus
738 677 1015 739 nuncupari,
1059 694 1246 740 quarum
1283 677 1442 723 similes
1479 688 1608 732 sunt,
1648 685 1698 721 ut

320 751 460 813 ipsam
483 747 807 794 similitudinem
842 746 983 792 carnis
1016 747 1186 809 peceati
1216 747 1402 793 voluisse
1432 748 1698 807 intelligatur

324 819 557 883 Apostolus
590 816 809 880 appellare
834 827 1069 879 peccatum
1092 834 1102 861 :
1130 817 1216 863 sive
1247 817 1349 879 quia
1384 818 1593 863 sacrificia
1617 833 1699 880 pro

321 889 511 952 peccatis
525 898 703 952 peecata
723 886 1116 949 appellabanturin
1135 887 1243 946 lege,
1263 904 1362 951 quae
1385 887 1528 932 onmia
1550 888 1701 947 figurae

323 960 503 1005 fuerunt
522 957 664 1004 carnis
684 956 864 1011 Christi,
891 955 1010 1019 quod
1029 967 1091 1001 est
1109 974 1259 1002 verum
1296 967 1337 1002 et
1366 958 1544 1003 unicum
1573 957 1704 1003 sacri·

323 1030 473 1077 ficium
496 1047 578 1093 pro
598 1028 804 1091 peccatis,
828 1045 914 1071 non
937 1027 1080 1072 solum
1101 1027 1170 1072 his
1191 1045 1291 1090 quae
1312 1028 1508 1073 universa
1536 1029 1579 1073 in
1594 1029 1704 1091 bap-

326 1101 495 1146 tismate
530 1100 786 1152 diluuntur‚
825 1114 973 1142 verum
997 1098 1125 1143 etiam
1161 1098 1225 1143 his
1256 1116 1356 1162 quae
1376 1110 1475 1162 post
1507 1117 1552 1144 ex
1572 1099 1706 1158 hujus

330 1172 432 1217 vitae
460 1172 710 1217 infirmitate
741 1169 1018 1231 subrepunt3
1059 1181 1240 1232 propter
1263 1187 1362 1233 quae
1386 1170 1580 1233 quotidie
1608 1169 1707 1215 uni-

332 1259 455 1288 versa
477 1244 521 1288 in
545 1242 738 1288 oratione
759 1240 814 1286 ad
835 1242 972 1285 Deum
993 1239 1151 1285 clamat
1168 1240 1354 1286 Ecclesia
1377 1258 1419 1286 z«
1435 1242 1616 1287 Dimitte
1634 1257 1710 1293 no-

338 1313 442 1359 »bis
460 1313 604 1360 debita
631 1323 775 1358 nostra
802 1330 850 1356 ι»
874 1310 1212 1356 etdimittuntur
1236 1313 1361 1356 nohis
1395 1330 1472 1375 per
1499 1311 1711 1371 singulare

336 1384 598 1430 sacrificium
629 1401 710 1447 pro
735 1383 924 1446 peccatis
944 1419 953 1437 ,
977 1381 1097 1442 quod
1119 1382 1351 1444 Apostolus
1375 1382 1613 1428 secundum
1643 1381 1711 1427 le-

336 1471 431 1514 gem
464 1453 668 1517 loquens,
698 1471 785 1498 non
815 1452 1034 1498 dubitavit
1061 1452 1280 1514 appellare
1307 1464 1554 1515 peecatum.
1589 1451 1714 1497 Unde

341 1533 404 1569 est
423 1524 550 1569 etiam
573 1522 682 1569 illud
718 1527 806 1583 ejus
836 1521 973 1567 multo
999 1520 1266 1577 evidentius,
1299 1540 1377 1567 nee
1413 1522 1560 1585 aliquo
1595 1521 1715 1567 bivio

340 1598 599 1658 cujusquam
640 1594 932 1653 ambiguitatis
966 1593 1182 1637 incertum
1224 1609 1234 1636 ε
1277 1593 1607 1638 «obsecramus
1636 1609 1716 1655 pro

343 1686 362 1706 >³
389 1665 565 1710 Christo
587 1665 856 1709 reconciliari
875 1662 990 1708 Deo1
1014 1683 1023 1715 3
1048 1685 1066 1703 υ
1101 1679 1199 1706 enm
1221 1663 1295 1724 qui
1315 1680 1398 1707 non
1420 1673 1596 1708 noverat
1610 1680 1718 1725 pee-

343 1746 489 1780 catum
507 1773 517 1790 ‚
544 1752 626 1797 pro
643 1735 769 1779 nobis
787 1745 1016 1798 peccatum
1047 1732 1149 1778 fecit
1167 1769 1177 1788 ‚
1212 1743 1260 1777 ut
1293 1750 1368 1778 nos
1399 1733 1530 1779 simus
1551 1733 1720 1793 justitia

346 1805 427 1850 Dei
448 1805 492 1850 in
514 1805 623 1867 ipse.
652 1805 760 1849 Nam
783 1804 902 1867 quod
923 1803 1122 1867 superius
1147 1803 1483 1848 commemoravi
1504 1840 1514 1858 ‚
1534 1804 1598 1848 De
1614 1820 1720 1866 pee-

349 1886 447 1921 eato
458 1874 683 1920 damnavit
696 1886 927 1937 peccatum
944 1895 954 1931 3
969 1873 1070 1937 quia
1091 1889 1176 1918 non
1198 1873 1364 1918 (lictum
1379 1884 1456 1928 est,
1475 1873 1528 1918 tle
1538 1884 1720 1937 peceato

343 1962 438 2002 suo,
460 1955 604 2009 potest
624 1944 841 2008 quispiam
858 1945 916 1990 sie
931 1943 1187 2002 intelligere,
1218 1953 1265 1988 ut
1280 1943 1398 1989 dicat
1422 1959 1521 1988 eum
1551 1943 1604 1988 de
1622 1960 1721 2006 pee-

349 2027 445 2062 cato
468 2015 722 2061 Judaeorum
765 2015 988 2060 damnasse
1022 2024 1280 2077 peccantum
1318 2015 1420 2077 quia
1454 2014 1507 2059 de
1540 2024 1722 2077 peccato

348 2104 524 2141 eorum,
551 2086 626 2149 qui
644 2103 741 2131 eum
761 2087 1084 2139 erucifixerunt,
1114 2083 1281 2129 facium
1316 2095 1377 2129 est
1398 2094 1447 2129 ut
1474 2084 1726 2144 sanguinem

350 2174 475 2203 sunni
503 2156 547 2201 in
583 2156 872 2201 remissionem
896 2155 1097 2200 funderet
1124 2165 1407 2217 peccatorum
1433 2172 1443 2199 z
1472 2154 1559 2200 hoe
1590 2171 1690 2200 vero
1711 2191 1723 2210 ,

354 2228 432 2273 ubi
456 2226 618 2272 dicitur
643 2227 753 2272 Deus
768 2228 910 2290 ipsum
934 2227 1161 2272 Christum
1183 2263 1193 2280 ‚
1222 2225 1297 2288 qni
1322 2243 1409 2270 non
1433 2236 1612 2270 noverat
1629 2242 1728 2288 pee-

355 2310 525 2350 catum,
562 2296 709 2341 fecisse
744 2308 1000 2360 peceatum,
1035 2315 1122 2342 non
1162 2296 1268 2341 mihi
1309 2296 1635 2342 convenientius
1658 2296 1728 2341 vi·-

352 2369 478 2414 (Ietur
502 2367 708 2426 intelligi,
740 2385 870 2430 quam
904 2368 1129 2413 Christum
1164 2367 1329 2412 fuctum
1362 2367 1624 2412 sacrificium
1647 2384 1728 2430 pro

356 2438 565 2502 peccatis,
589 2447 629 2482 et
648 2437 704 2481 ob
730 2437 815 2483 hoe
842 2438 1107 2501 appellatum
1131 2454 1215 2482 esse
1242 2448 1484 2499 peecatum.

422 2509 564 2554 xvlt.
602 2508 711 2563 Quis
748 2519 889 2554 autem
918 2509 1027 2554 ferat
1050 2526 1119 2553 eos
1149 2509 1340 2567 objicere
1365 2508 1491 2552 nobis
1512 2544 1521 2561 ‚
1555 2506 1731 2562 «Quod

353 2590 452 2643 post
471 2578 826 2624 resurrectionem
850 2580 952 2625 tales
972 2596 1199 2642 processus
1219 2578 1387 2623 futuros
1407 2595 1493 2623 esse
1512 2576 1726 2634 dieamus,

404 2662 414 2684 ¹
437 2673 453 2692 2
472 2664 544 2693 Cor.
561 2673 590 2699 v,
609 2671 659 2698 20,
682 2672 734 2691 21.
