1843 3190
313 224 406 270 308
732 241 766 269 s.
815 237 1055 269 mensum
1090 236 1298 269 muscom

312 305 417 370 qnia
437 306 548 351 bene
569 305 645 351 illo
674 305 812 350 utitur
828 304 1023 367 sapiens?
1057 304 1165 350 Inde
1184 314 1226 349 et
1259 303 1478 366 apostolus
1497 304 1522 348 J
1527 321 1686 351 oannes

312 392 402 421 non
419 375 495 428 ait,
522 375 665 421 Nolite
681 375 746 421 uti
765 375 928 420 mundo
957 392 968 418 :
996 396 1017 416 ›>
1035 375 1126 431 sed,
1149 397 1170 416 c<
1187 374 1330 420 Nolite
1359 374 1535 434 diligere
1555 393 1688 420 mun-

318 445 462 491 »dum
475 445 518 490 l1:
541 467 561 488 ›>
577 446 653 491 ubi
664 445 811 509 posuit
824 456 865 490 et
883 445 1282 508 concupiscentiam
1292 445 1449 492 carnis.
1477 445 1565 501 Qui
1575 447 1690 491 enim

316 532 406 570 neon
431 515 613 576 diligens
632 516 786 572 utitur,
809 515 933 579 quasi
952 532 1040 561 non
1061 526 1183 561 utens
1201 516 1355 573 utitur,
1378 515 1480 579 quia
1498 533 1580 561 non
1601 520 1692 575 effus

318 587 381 631 rei
400 603 525 632 causa
551 587 715 643 utitur,
742 586 814 632 sed
841 586 1013 632 alterius
1033 603 1166 649 quam
1191 586 1373 646 diligens
1396 587 1615 643 intuetur,
1644 596 1694 631 ut

320 657 450 702 etiam
471 674 561 703 non
577 657 758 718 diligens
773 658 859 703 hac
875 668 1037 704 utatur.
1068 659 1255 721 Propter
1278 658 1396 722 quod
1418 657 1582 703 Paulus
1597 674 1695 703 coa-

321 727 517 790 postolus
549 732 640 788 ejus
662 746 672 773 ι
700 750 720 769 α
741 729 795 773 Et
812 728 889 791 qui
914 738 1100 773 utuntur
1116 765 1128 783 ,
1167 729 1334 792 inquit,
1373 729 1462 774 hoc
1499 728 1665 773 mundo
1681 765 1692 783 ‚

323 818 344 838 >³
369 798 491 860 quasi
509 815 596 844 non
617 799 838 845 utantur2.
856 820 877 839 »
902 798 1023 855 Quid
1045 809 1132 854 est,
1153 801 1278 861 quasi
1294 816 1383 844 non
1397 809 1595 855 utantur,
1618 799 1700 844 nisi

324 884 413 912 non
438 867 623 929 diligant
635 885 723 932 quo
737 878 938 924 utuntur,
963 868 1170 931 quoniam
1185 869 1271 915 tale
1287 880 1364 927 est,
1387 879 1435 914 ut
1452 869 1561 914 hene
1579 869 1701 914 aliter

325 956 414 984 non
435 942 645 986 utantur?
677 941 733 984 Et
756 940 842 985 hoc
877 938 1054 1003 quidem
1081 940 1212 985 etiam
1242 941 1289 985 in
1315 941 1384 986 his
1401 940 1530 986 rebus
1551 940 1702 984 obser-

326 1009 519 1056 vandum
540 1021 620 1067 est,
648 1027 747 1074 quae
763 1011 809 1056 in
826 1010 914 1055 hoc
936 1009 1103 1055 mundo
1120 1010 1180 1056 sic
1196 1011 1328 1056 bonae
1347 1021 1464 1067 sunt,
1492 1020 1540 1056 ut
1559 1020 1702 1056 tamen

327 1100 396 1129 eas
413 1082 534 1143 diligi
557 1099 646 1128 non
667 1091 879 1145 oporteat.
907 1082 1016 1138 Quis
1039 1082 1154 1127 enim
1169 1081 1335 1127 malum
1357 1099 1444 1127 esse
1467 1081 1703 1144 pecuniam

327 1164 444 1199 recte
461 1153 616 1199 dixerit
632 1156 649 1198 ,3
666 1153 721 1197 Et
739 1163 883 1197 tamen
904 1169 1031 1197 nemo
1042 1170 1089 1198 ea
1099 1153 1210 1198 bene
1230 1153 1369 1198 utitur
1383 1153 1461 1216 qui
1479 1151 1701 1197 dilexerit:

326 1235 494 1288 quanto
530 1224 666 1283 magis
688 1222 901 1269 libidine?
936 1224 1047 1268 Nam
1087 1223 1323 1286 pecuniam
1363 1223 1501 1268 malus
1527 1221 1707 1285 quidem

330 1295 510 1357 spiritus
527 1293 819 1356 concupiscit,
837 1293 910 1338 sed
933 1293 1024 1355 ipsa
1045 1305 1197 1339 contra
1216 1294 1384 1338 bonum
1404 1293 1608 1356 spiritum
1623 1309 1711 1338 non

330 1364 620 1428 concupiscit,
643 1363 764 1426 quod
780 1363 920 1408 libido
933 1362 1066 1408 facit:
1095 1363 1335 1426 atqueideo
1350 1374 1393 1408 et
1415 1362 1491 1426 qui
1514 1363 1602 1407 hoc
1625 1377 1712 1407 esse

331 1434 496 1479 malum
535 1444 662 1494 negat
686 1444 840 1497 peccat
856 1470 867 1489 ,
894 1444 934 1479 et
971 1434 1047 1497 qui
1071 1434 1158 1479 hoc
1182 1434 1298 1479 malo
1321 1434 1432 1479 bene
1461 1433 1600 1478 utitur
1622 1449 1712 1478 non

331 1515 499 1566 peccat.
539 1505 676 1549 Recte
697 1503 832 1563 igitur
857 1504 1215 1563 argumentareris
1233 1541 1244 1560 ,
1285 1504 1462 1549 dicens:
1487 1526 1507 1546 α
1535 1502 1711 1549 Libidi-

330 1592 449 1632 nem,
478 1576 512 1622 si
535 1575 649 1621 mala
674 1585 753 1630 est,
781 1575 935 1634 majori
956 1586 1076 1621 reatu
1100 1576 1368 1635 obstringere
1385 1575 1548 1638 quibus
1577 1574 1710 1619 obse-

333 1647 486 1709 quitur
514 1651 718 1707 conjuges
734 1683 745 1701 ‚
780 1662 912 1708 quam
935 1646 1098 1709 quibus
1135 1646 1386 1692 dominatur
1410 1646 1656 1692 adulteros:
1676 1644 1710 1690 si

332 1717 547 1763 diceretur
573 1735 597 1762 a
622 1716 749 1762 nobis
769 1732 838 1760 eos
853 1720 1056 1776 conjuges
1069 1717 1146 1780 qui
1165 1717 1372 1762 serviente
1391 1717 1710 1779 concupiscen-

331 1790 405 1834 tiae
427 1787 541 1834 malo
565 1787 619 1833 ad
643 1787 781 1833 solum
801 1787 1031 1847 generandi
1059 1798 1244 1833 utuntur
1258 1787 1466 1843 officium3
1496 1787 1550 1832 ad
1565 1786 1710 1849 aliqua

331 1858 446 1905 mala
466 1875 597 1922 opera
621 1876 670 1904 eo
705 1858 800 1903 illos
834 1858 920 1912 uti,
950 1859 1062 1904 sieut
1081 1858 1135 1903 ad
1160 1859 1328 1904 facinus
1364 1857 1708 1922 perpetrandum

330 1947 453 1975 servo
467 1930 607 1975 utitur
631 1928 868 1974 homicida.
895 1928 1010 1973 Cum
1037 1939 1179 1975 autem
1201 1929 1396 1975 dicamus
1427 1930 1593 1974 bonum
1617 1945 1702 1973 esse

329 2000 376 2046 in
392 1999 655 2059 conjugibus
674 1998 866 2043 officium
887 1999 1165 2061 procreandi,
1190 1999 1388 2063 quamvis
1407 1999 1567 2044 vulnus
1588 1998 1708 2061 quod

330 2071 375 2116 in
399 2080 547 2116 renato
574 2069 713 2115 sanari
741 2079 898 2131 potest,
922 2069 1069 2114 trahat
1084 2081 1209 2115 natus
1229 2069 1282 2115 de
1300 2069 1431 2132 primi
1452 2069 1708 2127 contagione

328 2141 500 2204 peccati
518 2158 528 2185 :
555 2150 686 2185 restat
704 2149 752 2184 ut
771 2139 830 2184 sic
855 2150 1035 2185 utantur
1062 2144 1265 2200 conjuges
1279 2140 1386 2185 boni
1411 2139 1524 2185 malo
1538 2156 1708 2185 concu-

328 2213 552 2275 piscentiae
572 2249 582 2267 ,
610 2212 724 2256 sicut
759 2210 927 2273 sapiens
956 2211 1010 2257 ad
1033 2228 1163 2275 opera
1197 2212 1346 2275 utique
1368 2211 1486 2257 bona
1508 2211 1705 2256 ministro

330 2283 470 2328 utitur
495 2281 786 2345 imprudente.

393 2354 511 2399 LXI.
555 2353 639 2397 Sed
658 2352 855 2398 homines
877 2353 1111 2399 acutissimi
1143 2353 1241 2399 ideo
1267 2371 1357 2398 non
1380 2352 1584 2408 modum,
1616 2368 1705 2398 non

329 2440 477 2483 genus,
505 2422 579 2467 sed
599 2439 812 2467 excessum
830 2423 1067 2486 voluptatis
1087 2423 1263 2482 arguitis
1286 2434 1327 2468 et
1349 2422 1703 2486 exprobrandum

328 2492 505 2539 censetis
533 2492 752 2537 obscoenis
771 2509 781 2535 ι
811 2492 924 2549 Quia
947 2509 1045 2539 eum
1068 2494 1219 2550 nostis,
1242 2504 1290 2540 ut
1306 2492 1433 2550 dicis,
1458 2493 1571 2539 intra
1591 2510 1703 2539 con-

375 2577 496 2608 ¹Joan.
514 2587 551 2615 11,
570 2577 625 2610 15,
644 2594 687 2599 —
701 2573 717 2597 2
740 2586 753 2606 ι
776 2576 853 2610 Cor.
874 2587 934 2615 vu,
952 2578 1007 2610 31.
