1843 3190
275 291 447 323 CONTRA
481 290 707 323 JULIANUM
743 289 1048 330 PELAGIANUM,
1089 290 1180 321 LIB.
1222 290 1283 321 IV.
1361 273 1443 320 251

81 375 207 404 mana
235 357 497 413 substantia,
531 355 603 400 cui
628 355 733 411 vitia
753 371 927 418 quoque
951 355 1045 417 ipsa
1069 353 1279 400 honitatis
1298 354 1453 416 perhi-

80 428 184 473 bent
199 426 489 472 testimonium
503 424 725 471 naturalis.
753 425 872 480 Quid
890 424 1005 469 enim
1021 422 1140 469 aliud
1157 424 1202 468 in
1218 423 1322 469 vitio
1339 435 1452 468 recte

78 497 297 560 displicet,
320 496 401 541 nisi
423 495 524 557 quia
546 492 737 539 detrahit
772 495 840 541 vel
881 493 1041 539 minuit
1061 492 1182 556 quod
1217 493 1261 538 in
1300 504 1453 538 natura

78 567 252 630 placet?

141 637 237 683 XV.
271 636 384 681 Cum
404 651 503 694 ergo
530 633 738 680 divinitus
761 633 994 693 adjuvatur
1008 634 1162 690 homo,
1179 650 1267 678 non
1284 642 1454 677 tantum

77 726 100 748 «
119 705 187 753 Ad
207 705 513 768 capessendam
549 704 858 766 perfectionem
883 704 1118 763 adjuvatur
1133 739 1145 760 ,
1169 725 1189 745 »
1212 702 1332 766 quod
1364 703 1454 765 ipse

75 778 275 841 posuisti,
299 777 448 840 utique
473 775 617 822 volens
641 774 830 835 intellegi
848 792 946 820 eum
977 792 1056 837 per
1076 792 1119 820 se
1143 775 1334 837 incipere
1364 774 1454 818 sine

74 847 228 907 gratia,
254 846 373 910 quod
407 846 580 908 perficit
599 846 735 905 gratia
759 862 769 889 ε
792 844 867 889 sed
898 845 1044 907 potius
1068 844 1186 907 quod
1221 842 1453 905 Apostolus

76 915 291 978 loquitur,
319 926 368 960 ut
391 915 468 978 qui
504 914 550 959 in
582 915 707 959 vobis
732 930 842 976 opus
865 914 1032 971 bonum
1070 913 1225 976 coepit,
1254 911 1453 975 perficiat

73 985 268 1047 usquein
286 985 415 1029 finem
430 983 463 1031 1.
490 985 543 1029 In
562 1001 650 1046 quo
663 984 776 1029 enim
791 982 855 1029 vis
873 1004 895 1024 <c
916 983 1168 1036 Hominem,
1182 981 1452 1043 sicutloque-

73 1054 147 1109 ris,
164 1054 219 1099 ad
240 1053 407 1116 aliquid
424 1053 647 1098 laudabile
662 1053 852 1113 generosi
869 1049 1012 1098 cordis
1029 1051 1211 1098 stimulis
1225 1051 1411 1104 incitari,
1431 1071 1451 1090 2>

73 1123 121 1168 in
140 1123 226 1168 hoc
251 1140 348 1169 eum
386 1140 473 1168 non
500 1123 563 1168 vis
585 1122 631 1167 in
660 1122 871 1177 Domino,
911 1121 984 1166 sed
1022 1122 1067 1166 in
1107 1121 1246 1181 libero
1270 1119 1450 1164 arbitrio

73 1192 250 1252 gloriari
273 1211 284 1238 :
307 1210 358 1239 ac
387 1193 428 1251 ‘si
467 1192 656 1255 priorem
673 1192 796 1246 dare,
841 1202 887 1236 ut
911 1191 1179 1237 retribuatur
1205 1190 1289 1245 illi;
1316 1206 1451 1252 eoque

73 1262 204 1308 modo
231 1263 366 1323 gratia
385 1266 476 1322 jam
501 1279 590 1307 non
606 1263 662 1307 sit
688 1262 823 1322 gratia
839 1299 850 1318 ‚
877 1262 980 1324 quia
1007 1279 1095 1323 non
1117 1270 1178 1305 est
1205 1259 1391 1320 gratuita
1410 1260 1443 1306 ².

73 1353 94 1393 ς(
119 1333 284 1378 Bonam
297 1332 384 1377 dici
400 1332 631 1378 hominum
644 1342 863 1387 naturam,
882 1348 983 1394 quae
1004 1330 1100 1376 talis
1125 1330 1274 1390 gratiae
1302 1329 1448 1392 opitu-

71 1402 276 1448 lationem
299 1413 501 1450 meretur.
532 1402 663 1458 Quod
683 1413 902 1462 gratanter
915 1401 1132 1456 audirem,
1148 1400 1283 1446 sihoc
1309 1416 1450 1462 prop-

73 1482 187 1518 terea
209 1472 312 1536 quia
323 1472 542 1518 rationalis
553 1482 708 1517 natura
731 1482 791 1517 est
809 1472 971 1517 diceres
984 1489 997 1516 ε
1019 1488 1072 1516 ne
1082 1487 1165 1533 que
1182 1469 1295 1514 enim
1315 1468 1452 1527 gratia

73 1542 153 1587 Dei
167 1559 245 1604 per
261 1543 285 1587 J
291 1559 410 1587 esum
421 1542 648 1588 Christum
664 1542 902 1588 Dominum
922 1552 1116 1588 nostrum
1129 1539 1354 1603 lapidibus
1377 1549 1449 1583 aut

69 1610 198 1670 lignis
224 1612 512 1675 pecoribusve
550 1622 819 1674 praestatur:
842 1611 916 1656 sed
944 1611 1047 1673 quia
1076 1611 1219 1669 imago
1260 1608 1337 1653 Dei
1357 1618 1444 1658 est,

71 1691 259 1733 meretur
282 1681 398 1726 hanc
421 1681 633 1740 gratiam3
654 1697 740 1727 non
774 1692 915 1726 tamen
951 1691 1000 1726 ut
1023 1683 1114 1739 ejus
1137 1680 1254 1725 bona
1285 1677 1447 1724 volun-

72 1760 135 1815 tas
153 1751 288 1814 possit
309 1750 555 1814 praecedere
577 1761 738 1813 praeter
766 1750 972 1810 gratiam,
1000 1767 1053 1795 ne
1082 1749 1150 1795 vel
1171 1749 1310 1812 ipsam
1328 1747 1450 1810 prior

73 1817 163 1884 det,
194 1831 244 1866 nt
267 1821 537 1866 retribuatur
559 1820 639 1876 illi,
665 1838 715 1866 ac
739 1822 799 1866 sic
825 1821 962 1881 gratia
995 1824 1085 1880 jam
1107 1836 1197 1864 non
1219 1819 1273 1881 sit
1291 1817 1444 1877 gratia,

72 1889 178 1936 dum
202 1907 290 1935 non
315 1889 444 1935 datur
469 1891 682 1950 gratuita,
718 1891 789 1935 sed
814 1890 1010 1936 redditur
1029 1889 1190 1951 debita.
1230 1887 1351 1945 Quid
1389 1898 1450 1933 est

70 1975 169 2018 ergo
184 1996 194 2015 ‚
233 1960 352 2023 quod
373 1960 610 2005 secundum
630 1960 810 2006 modum
833 1970 1040 2015 vestrum,
1090 1980 1110 2000 α
1131 1960 1342 2005 Effectum
1365 1975 1448 2004 vo·-

66 2027 246 2074 luntatis
268 2030 474 2075 humanae
497 2029 689 2075 coelestia
727 2048 794 2075 me
827 2029 1070 2075 credideras
1094 2045 1391 2092 nuncupasse;
1422 2051 1440 2069 ›>

72 2108 284 2160 tanquam
309 2099 509 2146 voluntas
531 2099 723 2145 hominis
758 2100 847 2145 sine
870 2101 949 2145 Dei
968 2100 1105 2160 gratia
1132 2109 1376 2144 moveretur
1396 2098 1450 2144 ad

71 2167 241 2212 bonum
261 2179 310 2213 ut
332 2169 369 2213 ei
388 2168 565 2214 debitus
587 2187 611 2214 a
637 2170 728 2214 Deo
745 2170 1056 2215 retribueretur
1070 2170 1275 2214 effectus?
1302 2170 1450 2213 Ita-ne

75 2236 239 2282 oblitus
276 2237 437 2294 fueras,
474 2255 550 2283 nos
575 2255 676 2284 cum
717 2239 947 2302 Scriptura
985 2238 1129 2284 dicere
1158 2248 1308 2297 contra
1335 2254 1445 2283 vos:

72 2327 92 2347 α
111 2307 393 2370 Praeparatur
413 2307 613 2353 voluntas
636 2326 658 2354 a
684 2308 872 2354 Domino
894 2308 939 2362 ὃς
962 2331 982 2350 »
1020 2309 1084 2354 vel
1108 2307 1224 2371 quod
1260 2307 1305 2352 in
1325 2306 1450 2352 nobis

72 2377 188 2421 Deus
212 2387 414 2440 operetur
436 2388 477 2423 et
495 2377 603 2424 velle
628 2377 645 2405 ά
673 2381 690 2422 Ῥ
711 2378 749 2422 Ο
771 2378 926 2437 ingrati
950 2378 1100 2438 gratiae
1121 2377 1216 2431 Dei,
1244 2393 1268 2421 o
1285 2376 1450 2421 inimici

73 2445 225 2504 gratiae
249 2446 430 2503 Christi,
458 2457 500 2492 et
531 2446 625 2492 solo
655 2447 871 2493 vocabulo
900 2446 1168 2493 Christiani?
1193 2445 1344 2490 Nonne
1366 2461 1448 2507 pro

119 2542 130 2565 ¹
150 2542 267 2586 Philip.
297 2556 335 2582 11,
361 2547 394 2579 6.
422 2560 466 2570 —
483 2544 498 2568 2
523 2549 621 2580 Rom.
651 2556 701 2585 xx,
724 2547 765 2577 35
787 2551 818 2578 et
836 2547 869 2580 6.
899 2564 937 2570 —
967 2543 980 2568 ³
1005 2544 1101 2578 Prov.
1117 2555 1189 2584 vm,
1207 2545 1298 2586 juxta
1310 2553 1386 2577 mxx.
1405 2557 1448 2567 -—

72 2595 88 2622 ⁴
104 2597 219 2642 Philip.
235 2610 275 2636 11,
297 2601 348 2631 13.
