1843 3190
335 264 429 320 444
756 279 793 308 s.
836 275 1079 307 Aucus‘nm
1114 274 1335 307 131>1scoi³1>

337 354 422 396 tus,
450 345 567 408 quod
592 356 706 392 recte
737 343 790 388 de
825 342 950 388 bonis
975 342 1230 387 hominibus
1264 342 1503 402 majoribus
1527 343 1704 402 dicitur,

333 414 379 459 in
403 417 562 478 quibus
584 415 761 461 rationis
779 424 840 458 est
859 430 959 458 usus
986 430 996 457 :
1020 412 1205 475 autquia
1231 413 1371 457 Deum
1395 413 1462 458 vel
1486 415 1709 477 impoten-

334 494 419 529 tem
440 486 506 530 vel
540 487 741 549 iniquum
772 484 912 529 dicere
941 500 1028 528 non
1057 483 1260 546 potestis,
1285 483 1523 529 Manichaei
1557 495 1709 530 contra

330 571 405 599 vos
425 572 608 601 errorem
637 572 761 600 suum
783 553 994 599 nefarium
1034 553 1086 598 de
1104 553 1290 598 duarum
1312 553 1424 597 inter
1443 570 1485 598 se
1513 554 1708 600 inimica-

332 640 429 669 rum
470 625 806 670 substantiarum
844 624 1129 687 permixtione
1155 623 1410 669 firmabunt.
1439 623 1538 668 Non
1576 624 1709 683 igitur

334 715 354 734 «
383 698 457 740 Me
487 695 543 740 ab
566 695 797 740 infectione
835 693 1202 748 Manichaeorum,
1253 692 1399 747 nulla,
1426 694 1539 738 sicut
1578 693 1705 750 dicis,

332 765 515 810 mundat
538 765 675 810 herba
697 764 889 810 fullonis.
925 786 944 805 ι)
977 764 1150 819 Quibus
1172 763 1471 825 petulantibus
1487 764 1630 808 verbis
1647 764 1709 809 fa-

331 835 390 879 cis
411 834 582 879 lavacro
607 833 938 893 regenerationis
958 833 1159 891 injuriam
1175 869 1185 888 ,
1212 832 1330 895 quod
1352 833 1396 877 in
1413 833 1510 878 sinu
1536 833 1707 880 Catho-

329 903 426 949 licae
452 906 599 949 matris
623 904 786 967 accepi.
818 903 901 948 Sed
934 903 1057 948 vobis
1095 913 1183 948 tam
1211 903 1470 948 malitiosum
1492 920 1707 950 venenum

332 976 501 1037 antiqui
525 974 725 1020 draconis
748 974 937 1036 irrepsit,
965 983 1012 1018 ut
1038 983 1079 1018 et
1101 973 1341 1018 catholicos
1367 973 1546 1019 horrore
1568 975 1708 1020 Mani-

325 1043 439 1088 chaei
461 1045 644 1089 nominis
666 1043 899 1098 infametis,
926 1053 967 1087 et
993 1043 1259 1088 Manichaeos
1273 1044 1555 1105 perversitate
1574 1045 1706 1090 vestri

329 1113 543 1173 dogmatis
566 1114 792 1173 adjuvetis⁸

394 1186 595 1231 LXVIII.
635 1185 750 1230 Illud
776 1201 875 1229 vero
905 1184 958 1229 de
988 1183 1070 1229 alio
1092 1184 1206 1229 libro
1233 1201 1345 1239 meo,
1373 1183 1490 1246 quod
1508 1185 1563 1230 ad
1592 1186 1706 1230 Mar·

327 1254 531 1300 cellinum
556 1256 747 1301 scribens
774 1254 892 1300 ‹lixi'1
926 1273 936 1299 τ
980 1276 998 1294 α
1028 1255 1158 1300 Filios
1187 1255 1380 1299 mulieris
1398 1271 1498 1317 quae
1514 1255 1704 1318 serpenti

326 1324 511 1370 credidit
532 1336 578 1370 ut
596 1324 778 1370 libidine
809 1335 1181 1387 corrumperetur,
1210 1342 1298 1369 non
1323 1324 1499 1369 liberari
1522 1325 1603 1369 nisi
1627 1342 1706 1388 per

331 1394 471 1440 Flium
500 1395 705 1455 VirginiS,
730 1394 1006 1458 quaeAngelo
1030 1394 1214 1440 credidit
1234 1405 1281 1439 ut
1304 1395 1393 1440 sine
1410 1394 1593 1440 libidine
1611 1395 1701 1440 foe-

325 1474 510 1510 teratur:
544 1466 600 1510 ita
621 1466 823 1528 posuisti,
845 1476 973 1528 atque
1001 1465 1061 1510 ita
1093 1465 1267 1511 voluisti
1304 1465 1464 1528 accipi,
1490 1475 1699 1529 tanquam

321 1534 499 1580 dixerim
528 1553 537 1580 :
568 1558 587 1575 <‹
615 1535 746 1592 Quod
774 1537 877 1581 Evae
902 1553 1075 1599 serpens
1094 1537 1353 1581 commixtus
1378 1535 1506 1581 fuerit
1530 1553 1699 1583 concu-

321 1604 418 1650 bitu
435 1605 652 1669 corporali
671 1625 682 1659 ;
711 1629 728 1646 »
749 1606 862 1651 sicut
896 1606 1132 1651 Manichaei
1158 1606 1401 1669 principem
1423 1606 1699 1653 tenebrarum

321 1674 510 1733 ejusdem
546 1675 736 1721 mulieris
759 1687 926 1738 patrem
948 1693 1048 1721 cum
1079 1676 1151 1721 illa
1176 1676 1460 1721 concubuisse
1493 1675 1692 1723 delirant.

319 1744 416 1791 Hoc
438 1763 514 1805 ego
542 1746 595 1790 de
617 1757 812 1809 serpente
845 1763 934 1790 non
958 1746 1060 1792 dixi.
1109 1746 1193 1791 Sed
1228 1745 1443 1810 numquid
1473 1757 1516 1792 tu
1534 1758 1694 1793 *contra

323 1815 579 1877 Apostolum
596 1833 738 1875 negas,
761 1826 947 1861 mentem
962 1815 1152 1861 mulieris
1167 1835 1188 1861 a
1202 1827 1397 1879 serpente
1413 1821 1694 1879 corruptam?

319 1885 386 1930 An
402 1902 500 1930 eum
523 1903 610 1931 non
632 1886 771 1939 audis,
808 1886 885 1931 ubi
917 1886 1054 1939 dicit3
1076 1909 1094 1927 «
1132 1887 1282 1932 Timeo
1309 1904 1361 1931 ne
1385 1887 1496 1932 sicut
1519 1904 1694 1951 serpens

323 1977 341 1996 »
369 1957 503 2001 Evam
527 1956 677 2002 fefellit
699 1958 744 2002 in
764 1957 950 2004 versutia
968 1975 1060 2012 sua,
1085 1958 1142 2002 ita
1160 1969 1501 2020 corrumpantur
1533 1969 1694 2004 mentes

322 2046 342 2066 ›>
371 2037 522 2072 vestrae
544 2045 566 2072 a
591 2027 868 2090 simplicitate
885 2037 924 2072 et
942 2028 1153 2083 castitate,
1172 2044 1273 2091 quae
1292 2038 1354 2073 est
1370 2027 1600 2073 inCliristo
1612 2029 1644 2075 2.
1672 2050 1692 2070 »

322 2097 380 2141 Ex
417 2098 494 2142 ista
530 2098 678 2160 utique
718 2098 999 2161 corruptione
1041 2098 1271 2161 serpentiS,
1298 2098 1438 2161 qualis
1471 2100 1520 2144 fit
1562 2099 1691 2144 etiam

317 2167 492 2229 quando
516 2179 807 2230 corrumpunt
832 2186 969 2214 mores
988 2169 1126 2214 bonos
1145 2168 1364 2231 colloquia
1386 2168 1514 2225 mala,
1543 2187 1692 2232 perve-

316 2238 434 2282 venit
456 2237 595 2283 libido
609 2238 820 2301 peccandi
837 2239 881 2284 in
903 2250 1088 2285 mentem
1109 2239 1320 2293 mulieris3
1342 2250 1390 2285 ut
1413 2241 1562 2286 etviro
1578 2257 1691 2303 prae-

312 2307 575 2351 varicatione
596 2319 803 2371 corrupto
824 2308 981 2353 deinde
1001 2309 1091 2363 illa,
1120 2309 1172 2354 de
1213 2326 1300 2373 qua
1341 2311 1611 2355 erubuerunt
1645 2321 1687 2356 et

310 2376 517 2440 pudenda
559 2388 768 2432 texerunt,
813 2391 1060 2442 sequeretur
1105 2380 1148 2424 in
1189 2397 1318 2425 carne
1334 2417 1344 2435 ,
1390 2398 1477 2426 non
1515 2381 1683 2427 diaboli

318 2446 548 2492 accedente
572 2449 814 2494 concubitu
838 2450 1081 2512 corporali,
1119 2449 1191 2494 sed
1218 2450 1403 2513 spiritali
1438 2451 1517 2497 Dei
1549 2451 1686 2511 gratia

316 2516 555 2563 recedente.

361 2600 369 2622 ¹
389 2598 459 2630 Lib.
484 2611 512 2632 x.
529 2599 567 2630 de
584 2602 705 2633 Pereat.
721 2599 827 2634 merit.
847 2607 877 2633 et
896 2601 1015 2634 remiss.
1035 2613 1104 2645 cap.
1122 2604 1176 2637 28,
1193 2620 1238 2627 -
1254 2601 1269 2625 2
1288 2613 1304 2634 2
1327 2604 1397 2636 Cor.
1413 2613 1458 2641 x1‚
1482 2604 1509 2634 3.
