<?xml version="1.0" encoding="UTF-8"?>
<!DOCTYPE html PUBLIC "-//W3C//DTD XHTML 1.0 Transitional//EN"
    "http://www.w3.org/TR/xhtml1/DTD/xhtml1-transitional.dtd">
<html xmlns="http://www.w3.org/1999/xhtml" xml:lang="en" lang="en">
 <head>
  <title>
</title>
<meta http-equiv="Content-Type" content="text/html;charset=utf-8" />
  <meta name='ocr-system' content='tesseract 3.04.00' />
  <meta name='ocr-capabilities' content='ocr_page ocr_carea ocr_par ocr_line ocrx_word'/>
</head>
<body>
  <div class='ocr_page' id='page_1' title='image "./operaomniaaccura35auguuoft/operaomniaaccura35auguuoft_0162.png"; bbox 0 0 1843 3190; ppageno 0'>
   <div class='ocr_carea' id='block_1_1' title="bbox 350 243 1324 289">
    <p class='ocr_par' dir='ltr' id='par_1_1' title="bbox 350 243 1324 289">
     <span class='ocr_line' id='line_1_1' title="bbox 350 243 1324 289; baseline 0.001 -1"><span class='ocrx_word' id='word_1_1' title='bbox 350 243 435 288; x_wconf 83' lang='lat'>152</span> <span class='ocrx_word' id='word_1_2' title='bbox 765 259 799 289; x_wconf 87' lang='lat' dir='ltr'>s.</span> <span class='ocrx_word' id='word_1_3' title='bbox 841 257 1083 288; x_wconf 70' lang='lat' dir='ltr'>Aususrlm</span> <span class='ocrx_word' id='word_1_4' title='bbox 1119 259 1324 289; x_wconf 78' lang='lat' dir='ltr'>EPISCOPI</span> 
     </span>
    </p>
   </div>
   <div class='ocr_carea' id='block_1_2' title="bbox 346 319 1740 2337">
    <p class='ocr_par' dir='ltr' id='par_1_2' title="bbox 346 319 1740 2337">
     <span class='ocr_line' id='line_1_2' title="bbox 346 319 1718 384; baseline 0.005 -20"><span class='ocrx_word' id='word_1_5' title='bbox 346 321 514 365; x_wconf 85' lang='lat' dir='ltr'>Rursus</span> <span class='ocrx_word' id='word_1_6' title='bbox 535 319 581 365; x_wconf 91' lang='lat' dir='ltr'>in</span> <span class='ocrx_word' id='word_1_7' title='bbox 612 319 762 366; x_wconf 88' lang='lat' dir='ltr'>eodem</span> <span class='ocrx_word' id='word_1_8' title='bbox 788 339 917 384; x_wconf 85' lang='lat' dir='ltr'>opere</span> <span class='ocrx_word' id='word_1_9' title='bbox 953 322 1036 367; x_wconf 88' lang='lat' dir='ltr'>alio</span> <span class='ocrx_word' id='word_1_10' title='bbox 1061 322 1157 368; x_wconf 86' lang='lat' dir='ltr'>loco</span> <span class='ocrx_word' id='word_1_11' title='bbox 1186 323 1300 368; x_wconf 91' lang='lat' dir='ltr'>idem</span> <span class='ocrx_word' id='word_1_12' title='bbox 1328 323 1480 370; x_wconf 89' lang='lat' dir='ltr'>doctor</span> <span class='ocrx_word' id='word_1_13' title='bbox 1497 324 1514 353; x_wconf 68' lang='lat'>4</span> <span class='ocrx_word' id='word_1_14' title='bbox 1544 342 1555 369; x_wconf 89' lang='lat'>:</span> <span class='ocrx_word' id='word_1_15' title='bbox 1581 345 1600 366; x_wconf 83' lang='grc'>«</span> <span class='ocrx_word' id='word_1_16' title='bbox 1626 325 1718 370; x_wconf 90' lang='lat' dir='ltr'>Im-</span> 
     </span>
     <span class='ocr_line' id='line_1_3' title="bbox 347 389 1721 452; baseline 0.004 -19"><span class='ocrx_word' id='word_1_17' title='bbox 347 399 587 452; x_wconf 86' lang='lat' dir='ltr'>pugnatur‚</span> <span class='ocrx_word' id='word_1_18' title='bbox 616 389 758 452; x_wconf 88' lang='lat' dir='ltr'>inquit</span> <span class='ocrx_word' id='word_1_19' title='bbox 800 391 979 446; x_wconf 78' lang='lat' dir='ltr'>Paulus,</span> <span class='ocrx_word' id='word_1_20' title='bbox 1015 401 1057 436; x_wconf 85' lang='lat' dir='ltr'>et</span> <span class='ocrx_word' id='word_1_21' title='bbox 1079 392 1197 437; x_wconf 84' lang='lat' dir='ltr'>videt</span> <span class='ocrx_word' id='word_1_22' title='bbox 1215 392 1349 452; x_wconf 81' lang='lat' dir='ltr'>legem</span> <span class='ocrx_word' id='word_1_23' title='bbox 1374 394 1515 438; x_wconf 88' lang='lat' dir='ltr'>carnis</span> <span class='ocrx_word' id='word_1_24' title='bbox 1539 410 1628 439; x_wconf 81' lang='lat' dir='ltr'>suae</span> <span class='ocrx_word' id='word_1_25' title='bbox 1650 411 1721 439; x_wconf 87' lang='lat' dir='ltr'>re-</span> 
     </span>
     <span class='ocr_line' id='line_1_4' title="bbox 348 459 1722 524; baseline 0.004 -21"><span class='ocrx_word' id='word_1_26' title='bbox 348 468 615 521; x_wconf 82' lang='lat' dir='ltr'>pugnantem</span> <span class='ocrx_word' id='word_1_27' title='bbox 658 459 741 518; x_wconf 83' lang='lat' dir='ltr'>legi</span> <span class='ocrx_word' id='word_1_28' title='bbox 767 460 899 504; x_wconf 87' lang='lat' dir='ltr'>menti</span> <span class='ocrx_word' id='word_1_29' title='bbox 935 477 1041 515; x_wconf 81' lang='lat' dir='ltr'>suae,</span> <span class='ocrx_word' id='word_1_30' title='bbox 1072 472 1113 506; x_wconf 92' lang='lat' dir='ltr'>et</span> <span class='ocrx_word' id='word_1_31' title='bbox 1149 464 1442 524; x_wconf 69' lang='lat' dir='ltr'>captivantem</span> <span class='ocrx_word' id='word_1_32' title='bbox 1479 480 1520 507; x_wconf 82' lang='lat' dir='ltr'>se</span> <span class='ocrx_word' id='word_1_33' title='bbox 1555 463 1598 507; x_wconf 89' lang='lat' dir='ltr'>in</span> <span class='ocrx_word' id='word_1_34' title='bbox 1632 462 1722 522; x_wconf 83' lang='lat' dir='ltr'>lege</span> 
     </span>
     <span class='ocr_line' id='line_1_5' title="bbox 347 526 1724 594; baseline 0.003 -22"><span class='ocrx_word' id='word_1_35' title='bbox 347 527 519 590; x_wconf 83' lang='lat' dir='ltr'>peccati</span> <span class='ocrx_word' id='word_1_36' title='bbox 537 526 574 582; x_wconf 75' lang='lat'>2,</span> <span class='ocrx_word' id='word_1_37' title='bbox 594 544 671 572; x_wconf 89' lang='lat' dir='ltr'>nec</span> <span class='ocrx_word' id='word_1_38' title='bbox 687 528 740 572; x_wconf 86' lang='lat' dir='ltr'>de</span> <span class='ocrx_word' id='word_1_39' title='bbox 753 529 1010 574; x_wconf 84' lang='lat' dir='ltr'>conscientia</span> <span class='ocrx_word' id='word_1_40' title='bbox 1026 547 1101 574; x_wconf 87' lang='lat' dir='ltr'>sua</span> <span class='ocrx_word' id='word_1_41' title='bbox 1117 531 1357 592; x_wconf 75' lang='lat' dir='ltr'>praesumit,</span> <span class='ocrx_word' id='word_1_42' title='bbox 1377 531 1448 576; x_wconf 91' lang='lat' dir='ltr'>sed</span> <span class='ocrx_word' id='word_1_43' title='bbox 1466 548 1543 594; x_wconf 89' lang='lat' dir='ltr'>per</span> <span class='ocrx_word' id='word_1_44' title='bbox 1559 531 1724 576; x_wconf 77' lang='lat' dir='ltr'>Christi</span> 
     </span>
     <span class='ocr_line' id='line_1_6' title="bbox 352 596 1724 662; baseline 0.005 -23"><span class='ocrx_word' id='word_1_45' title='bbox 352 596 535 655; x_wconf 79' lang='lat' dir='ltr'>gratiam</span> <span class='ocrx_word' id='word_1_46' title='bbox 565 596 747 641; x_wconf 84' lang='lat' dir='ltr'>confidit</span> <span class='ocrx_word' id='word_1_47' title='bbox 770 614 811 642; x_wconf 81' lang='lat' dir='ltr'>se</span> <span class='ocrx_word' id='word_1_48' title='bbox 831 616 852 642; x_wconf 87' lang='lat' dir='ltr'>a</span> <span class='ocrx_word' id='word_1_49' title='bbox 878 599 1027 643; x_wconf 85' lang='lat' dir='ltr'>mortis</span> <span class='ocrx_word' id='word_1_50' title='bbox 1063 616 1245 662; x_wconf 84' lang='lat' dir='ltr'>corpore</span> <span class='ocrx_word' id='word_1_51' title='bbox 1278 600 1551 645; x_wconf 82' lang='lat' dir='ltr'>liberandum</span> <span class='ocrx_word' id='word_1_52' title='bbox 1577 618 1587 645; x_wconf 90' lang='lat'>:</span> <span class='ocrx_word' id='word_1_53' title='bbox 1611 612 1654 646; x_wconf 88' lang='lat' dir='ltr'>ct</span> <span class='ocrx_word' id='word_1_54' title='bbox 1677 611 1724 646; x_wconf 91' lang='lat' dir='ltr'>tu</span> 
     </span>
     <span class='ocr_line' id='line_1_7' title="bbox 351 667 1726 732; baseline 0.004 -23"><span class='ocrx_word' id='word_1_55' title='bbox 351 682 615 729; x_wconf 81' lang='lat' dir='ltr'>quemquam</span> <span class='ocrx_word' id='word_1_56' title='bbox 640 667 831 728; x_wconf 85' lang='lat' dir='ltr'>opinaris</span> <span class='ocrx_word' id='word_1_57' title='bbox 850 668 1051 712; x_wconf 76' lang='lat' dir='ltr'>scientem</span> <span class='ocrx_word' id='word_1_58' title='bbox 1083 685 1171 713; x_wconf 88' lang='lat' dir='ltr'>non</span> <span class='ocrx_word' id='word_1_59' title='bbox 1195 686 1318 732; x_wconf 78' lang='lat' dir='ltr'>posse</span> <span class='ocrx_word' id='word_1_60' title='bbox 1340 673 1547 732; x_wconf 55' lang='lat' dir='ltr'>peccare?</span> <span class='ocrx_word' id='word_1_61' title='bbox 1568 669 1726 714; x_wconf 88' lang='lat' dir='ltr'>Paulus</span> 
     </span>
     <span class='ocr_line' id='line_1_8' title="bbox 350 737 1724 801; baseline 0.002 -20"><span class='ocrx_word' id='word_1_62' title='bbox 350 737 475 791; x_wconf 75' lang='lat' dir='ltr'>dicit,</span> <span class='ocrx_word' id='word_1_63' title='bbox 503 757 522 776; x_wconf 89' lang='lat'>«</span> <span class='ocrx_word' id='word_1_64' title='bbox 541 737 638 780; x_wconf 76' lang='lat' dir='ltr'>Non</span> <span class='ocrx_word' id='word_1_65' title='bbox 655 737 768 780; x_wconf 88' lang='lat' dir='ltr'>enim</span> <span class='ocrx_word' id='word_1_66' title='bbox 786 737 906 800; x_wconf 86' lang='lat' dir='ltr'>quod</span> <span class='ocrx_word' id='word_1_67' title='bbox 928 738 1026 782; x_wconf 66' lang='lat' dir='ltr'>volo</span> <span class='ocrx_word' id='word_1_68' title='bbox 1043 738 1155 783; x_wconf 72' lang='lat' dir='ltr'>facio</span> <span class='ocrx_word' id='word_1_69' title='bbox 1177 738 1363 793; x_wconf 79' lang='lat' dir='ltr'>bonum,</span> <span class='ocrx_word' id='word_1_70' title='bbox 1386 739 1458 783; x_wconf 84' lang='lat' dir='ltr'>sed</span> <span class='ocrx_word' id='word_1_71' title='bbox 1485 738 1603 801; x_wconf 82' lang='lat' dir='ltr'>quod</span> <span class='ocrx_word' id='word_1_72' title='bbox 1625 739 1724 784; x_wconf 89' lang='lat' dir='ltr'>nolo</span> 
     </span>
     <span class='ocr_line' id='line_1_9' title="bbox 352 805 1725 871; baseline 0.004 -24"><span class='ocrx_word' id='word_1_73' title='bbox 352 827 372 847; x_wconf 80' lang='grc'>»</span> <span class='ocrx_word' id='word_1_74' title='bbox 396 806 560 850; x_wconf 82' lang='lat' dir='ltr'>malum</span> <span class='ocrx_word' id='word_1_75' title='bbox 589 805 675 850; x_wconf 86' lang='lat' dir='ltr'>hoc</span> <span class='ocrx_word' id='word_1_76' title='bbox 697 823 775 864; x_wconf 83' lang='lat' dir='ltr'>ago</span> <span class='ocrx_word' id='word_1_77' title='bbox 796 809 839 851; x_wconf 72' lang='lat'>²⁵:</span> <span class='ocrx_word' id='word_1_78' title='bbox 862 828 882 848; x_wconf 82' lang='lat'>›&gt;</span> <span class='ocrx_word' id='word_1_79' title='bbox 901 818 943 852; x_wconf 83' lang='lat' dir='ltr'>et</span> <span class='ocrx_word' id='word_1_80' title='bbox 980 819 1028 853; x_wconf 89' lang='lat' dir='ltr'>tu</span> <span class='ocrx_word' id='word_1_81' title='bbox 1066 809 1286 853; x_wconf 85' lang='lat' dir='ltr'>arbitraris</span> <span class='ocrx_word' id='word_1_82' title='bbox 1328 809 1498 853; x_wconf 86' lang='lat' dir='ltr'>homini</span> <span class='ocrx_word' id='word_1_83' title='bbox 1523 808 1725 871; x_wconf 86' lang='lat' dir='ltr'>prodesse</span> 
     </span>
     <span class='ocr_line' id='line_1_10' title="bbox 350 875 1725 940; baseline 0.002 -20"><span class='ocrx_word' id='word_1_84' title='bbox 350 876 590 929; x_wconf 78' lang='lat' dir='ltr'>scientiam,</span> <span class='ocrx_word' id='word_1_85' title='bbox 608 891 708 936; x_wconf 86' lang='lat' dir='ltr'>quae</span> <span class='ocrx_word' id='word_1_86' title='bbox 722 875 870 920; x_wconf 79' lang='lat' dir='ltr'>delicti</span> <span class='ocrx_word' id='word_1_87' title='bbox 891 887 1044 935; x_wconf 82' lang='lat' dir='ltr'>augeat</span> <span class='ocrx_word' id='word_1_88' title='bbox 1065 877 1337 922; x_wconf 51' lang='lat' dir='ltr'>invidiamss»</span> <span class='ocrx_word' id='word_1_89' title='bbox 1363 877 1582 940; x_wconf 86' lang='lat' dir='ltr'>Itemque</span> <span class='ocrx_word' id='word_1_90' title='bbox 1573 878 1725 940; x_wconf 82' lang='lat' dir='ltr'>inipso</span> 
     </span>
     <span class='ocr_line' id='line_1_11' title="bbox 352 942 1728 1020; baseline 0.001 -31"><span class='ocrx_word' id='word_1_91' title='bbox 352 960 480 1020; x_wconf 79' lang='lat' dir='ltr'>opere</span> <span class='ocrx_word' id='word_1_92' title='bbox 511 942 628 988; x_wconf 85' lang='lat' dir='ltr'>idem</span> <span class='ocrx_word' id='word_1_93' title='bbox 661 944 753 1006; x_wconf 88' lang='lat' dir='ltr'>ipse</span> <span class='ocrx_word' id='word_1_94' title='bbox 775 945 1005 1008; x_wconf 89' lang='lat' dir='ltr'>episcopus</span> <span class='ocrx_word' id='word_1_95' title='bbox 1041 945 1095 990; x_wconf 84' lang='lat' dir='ltr'>ad</span> <span class='ocrx_word' id='word_1_96' title='bbox 1125 962 1271 990; x_wconf 90' lang='lat' dir='ltr'>omnes</span> <span class='ocrx_word' id='word_1_97' title='bbox 1304 962 1381 991; x_wconf 90' lang='lat' dir='ltr'>nos</span> <span class='ocrx_word' id='word_1_98' title='bbox 1416 946 1600 991; x_wconf 90' lang='lat' dir='ltr'>referens</span> <span class='ocrx_word' id='word_1_99' title='bbox 1635 947 1728 991; x_wconf 91' lang='lat' dir='ltr'>elo-</span> 
     </span>
     <span class='ocr_line' id='line_1_12' title="bbox 352 1014 1729 1078; baseline 0.002 -20"><span class='ocrx_word' id='word_1_100' title='bbox 352 1014 525 1076; x_wconf 82' lang='lat' dir='ltr'>quium,</span> <span class='ocrx_word' id='word_1_101' title='bbox 547 1028 807 1076; x_wconf 83' lang='lat' dir='ltr'>causamque</span> <span class='ocrx_word' id='word_1_102' title='bbox 825 1031 1101 1060; x_wconf 88' lang='lat' dir='ltr'>communem</span> <span class='ocrx_word' id='word_1_103' title='bbox 1124 1015 1271 1059; x_wconf 89' lang='lat' dir='ltr'>sedulo</span> <span class='ocrx_word' id='word_1_104' title='bbox 1293 1032 1418 1075; x_wconf 87' lang='lat' dir='ltr'>agens</span> <span class='ocrx_word' id='word_1_105' title='bbox 1436 1015 1484 1042; x_wconf 67' lang='lat'>4·</span> <span class='ocrx_word' id='word_1_106' title='bbox 1474 1033 1484 1059; x_wconf 89' lang='lat'><strong>:</strong></span> <span class='ocrx_word' id='word_1_107' title='bbox 1506 1036 1526 1056; x_wconf 86' lang='lat'>«</span> <span class='ocrx_word' id='word_1_108' title='bbox 1544 1016 1729 1078; x_wconf 69' lang='lat' dir='ltr'>Repug-</span> 
     </span>
     <span class='ocr_line' id='line_1_13' title="bbox 351 1081 1730 1146; baseline 0.001 -18"><span class='ocrx_word' id='word_1_109' title='bbox 351 1093 428 1128; x_wconf 89' lang='lat' dir='ltr'>nat</span> <span class='ocrx_word' id='word_1_110' title='bbox 451 1083 565 1127; x_wconf 90' lang='lat' dir='ltr'>enim</span> <span class='ocrx_word' id='word_1_111' title='bbox 587 1081 653 1127; x_wconf 80' lang='lat' dir='ltr'>lex</span> <span class='ocrx_word' id='word_1_112' title='bbox 679 1083 836 1138; x_wconf 83' lang='lat' dir='ltr'>carnis,</span> <span class='ocrx_word' id='word_1_113' title='bbox 866 1084 1028 1146; x_wconf 75' lang='lat' dir='ltr'>inquit,</span> <span class='ocrx_word' id='word_1_114' title='bbox 1054 1084 1136 1143; x_wconf 83' lang='lat' dir='ltr'>legi</span> <span class='ocrx_word' id='word_1_115' title='bbox 1161 1084 1334 1139; x_wconf 81' lang='lat' dir='ltr'>mentis,</span> <span class='ocrx_word' id='word_1_116' title='bbox 1375 1095 1417 1129; x_wconf 90' lang='lat' dir='ltr'>et</span> <span class='ocrx_word' id='word_1_117' title='bbox 1438 1084 1730 1130; x_wconf 82' lang='lat' dir='ltr'>laborandum</span> 
     </span>
     <span class='ocr_line' id='line_1_14' title="bbox 353 1120 1730 1216; baseline 0 -18"><span class='ocrx_word' id='word_1_118' title='bbox 353 1153 482 1198; x_wconf 86' lang='lat' dir='ltr'>nobis</span> <span class='ocrx_word' id='word_1_119' title='bbox 501 1162 562 1196; x_wconf 91' lang='lat' dir='ltr'>est</span> <span class='ocrx_word' id='word_1_120' title='bbox 587 1168 637 1196; x_wconf 87' lang='lat' dir='ltr'>ac</span> <span class='ocrx_word' id='word_1_121' title='bbox 654 1120 976 1209; x_wconf 67' lang='lat' dir='ltr'>desudandum,</span> <span class='ocrx_word' id='word_1_122' title='bbox 1010 1164 1059 1198; x_wconf 90' lang='lat' dir='ltr'>ut</span> <span class='ocrx_word' id='word_1_123' title='bbox 1079 1154 1334 1212; x_wconf 81' lang='lat' dir='ltr'>castigemus</span> <span class='ocrx_word' id='word_1_124' title='bbox 1361 1170 1519 1216; x_wconf 84' lang='lat' dir='ltr'>corpus</span> <span class='ocrx_word' id='word_1_125' title='bbox 1538 1163 1578 1198; x_wconf 89' lang='lat' dir='ltr'>et</span> <span class='ocrx_word' id='word_1_126' title='bbox 1592 1154 1730 1199; x_wconf 81' lang='lat' dir='ltr'>servi-</span> 
     </span>
     <span class='ocr_line' id='line_1_15' title="bbox 352 1221 1603 1285; baseline 0.002 -19"><span class='ocrx_word' id='word_1_127' title='bbox 352 1223 435 1267; x_wconf 88' lang='lat' dir='ltr'>tuti</span> <span class='ocrx_word' id='word_1_128' title='bbox 459 1221 721 1280; x_wconf 82' lang='lat' dir='ltr'>redigamus,</span> <span class='ocrx_word' id='word_1_129' title='bbox 744 1233 785 1267; x_wconf 91' lang='lat' dir='ltr'>et</span> <span class='ocrx_word' id='word_1_130' title='bbox 810 1240 909 1285; x_wconf 79' lang='lat' dir='ltr'>quae</span> <span class='ocrx_word' id='word_1_131' title='bbox 931 1233 1030 1268; x_wconf 89' lang='lat' dir='ltr'>sunt</span> <span class='ocrx_word' id='word_1_132' title='bbox 1049 1223 1261 1285; x_wconf 75' lang='lat' dir='ltr'>spiritalia</span> <span class='ocrx_word' id='word_1_133' title='bbox 1285 1223 1557 1268; x_wconf 84' lang='lat' dir='ltr'>seminemus.</span> <span class='ocrx_word' id='word_1_134' title='bbox 1582 1244 1603 1263; x_wconf 78' lang='lat'>›&gt;</span> 
     </span>
     <span class='ocr_line' id='line_1_16' title="bbox 419 1291 1732 1355; baseline -0.001 -18"><span class='ocrx_word' id='word_1_135' title='bbox 419 1293 536 1337; x_wconf 66' lang='lat' dir='ltr'>xiv.</span> <span class='ocrx_word' id='word_1_136' title='bbox 571 1293 623 1335; x_wconf 85' lang='lat' dir='ltr'>In</span> <span class='ocrx_word' id='word_1_137' title='bbox 646 1291 729 1336; x_wconf 85' lang='lat' dir='ltr'>alio</span> <span class='ocrx_word' id='word_1_138' title='bbox 761 1310 936 1355; x_wconf 90' lang='lat' dir='ltr'>quoque</span> <span class='ocrx_word' id='word_1_139' title='bbox 964 1293 1079 1337; x_wconf 87' lang='lat' dir='ltr'>libro</span> <span class='ocrx_word' id='word_1_140' title='bbox 1104 1309 1180 1337; x_wconf 90' lang='lat' dir='ltr'>suo</span> <span class='ocrx_word' id='word_1_141' title='bbox 1200 1329 1210 1347; x_wconf 83' lang='lat'>‚</span> <span class='ocrx_word' id='word_1_142' title='bbox 1243 1292 1297 1338; x_wconf 89' lang='lat' dir='ltr'>de</span> <span class='ocrx_word' id='word_1_143' title='bbox 1320 1302 1586 1337; x_wconf 83' lang='lat' dir='ltr'>sacramento</span> <span class='ocrx_word' id='word_1_144' title='bbox 1610 1308 1732 1351; x_wconf 84' lang='lat' dir='ltr'>rege-</span> 
     </span>
     <span class='ocr_line' id='line_1_17' title="bbox 352 1361 1733 1425; baseline -0.001 -19"><span class='ocrx_word' id='word_1_145' title='bbox 352 1361 606 1415; x_wconf 71' lang='lat' dir='ltr'>memnonis,</span> <span class='ocrx_word' id='word_1_146' title='bbox 631 1361 700 1406; x_wconf 88' lang='lat' dir='ltr'>vel</span> <span class='ocrx_word' id='word_1_147' title='bbox 721 1361 774 1406; x_wconf 90' lang='lat' dir='ltr'>de</span> <span class='ocrx_word' id='word_1_148' title='bbox 797 1362 1084 1425; x_wconf 82' lang='lat' dir='ltr'>philosophia</span> <span class='ocrx_word' id='word_1_149' title='bbox 1122 1379 1250 1425; x_wconf 89' lang='lat' dir='ltr'>quem</span> <span class='ocrx_word' id='word_1_150' title='bbox 1274 1361 1465 1424; x_wconf 85' lang='lat' dir='ltr'>scripsit,</span> <span class='ocrx_word' id='word_1_151' title='bbox 1491 1361 1552 1406; x_wconf 85' lang='lat' dir='ltr'>ita</span> <span class='ocrx_word' id='word_1_152' title='bbox 1582 1361 1733 1423; x_wconf 88' lang='lat' dir='ltr'>loqui-</span> 
     </span>
     <span class='ocr_line' id='line_1_18' title="bbox 354 1431 1734 1494; baseline -0.001 -17"><span class='ocrx_word' id='word_1_153' title='bbox 354 1431 493 1477; x_wconf 81' lang='lat' dir='ltr'>tur5:</span> <span class='ocrx_word' id='word_1_154' title='bbox 521 1452 540 1472; x_wconf 89' lang='lat'>«</span> <span class='ocrx_word' id='word_1_155' title='bbox 566 1435 696 1476; x_wconf 85' lang='lat' dir='ltr'>Beata</span> <span class='ocrx_word' id='word_1_156' title='bbox 737 1433 868 1491; x_wconf 85' lang='lat' dir='ltr'>igitur</span> <span class='ocrx_word' id='word_1_157' title='bbox 899 1449 1014 1477; x_wconf 85' lang='lat' dir='ltr'>mors</span> <span class='ocrx_word' id='word_1_158' title='bbox 1042 1448 1143 1493; x_wconf 82' lang='lat' dir='ltr'>quae</span> <span class='ocrx_word' id='word_1_159' title='bbox 1180 1449 1257 1476; x_wconf 88' lang='lat' dir='ltr'>nos</span> <span class='ocrx_word' id='word_1_160' title='bbox 1290 1442 1471 1494; x_wconf 85' lang='lat' dir='ltr'>peccato</span> <span class='ocrx_word' id='word_1_161' title='bbox 1499 1431 1645 1493; x_wconf 85' lang='lat' dir='ltr'>eripit,</span> <span class='ocrx_word' id='word_1_162' title='bbox 1685 1440 1734 1475; x_wconf 87' lang='lat' dir='ltr'>ut</span> 
     </span>
     <span class='ocr_line' id='line_1_19' title="bbox 352 1501 1734 1560; baseline -0.001 -14"><span class='ocrx_word' id='word_1_163' title='bbox 352 1501 554 1546; x_wconf 85' lang='lat' dir='ltr'>reformet</span> <span class='ocrx_word' id='word_1_164' title='bbox 581 1501 686 1546; x_wconf 89' lang='lat' dir='ltr'>Deo.</span> <span class='ocrx_word' id='word_1_165' title='bbox 719 1502 808 1557; x_wconf 85' lang='lat' dir='ltr'>Qui</span> <span class='ocrx_word' id='word_1_166' title='bbox 849 1503 964 1546; x_wconf 88' lang='lat' dir='ltr'>enim</span> <span class='ocrx_word' id='word_1_167' title='bbox 1004 1512 1200 1546; x_wconf 88' lang='lat' dir='ltr'>mortuus</span> <span class='ocrx_word' id='word_1_168' title='bbox 1227 1511 1313 1556; x_wconf 83' lang='lat' dir='ltr'>est,</span> <span class='ocrx_word' id='word_1_169' title='bbox 1347 1501 1608 1560; x_wconf 83' lang='lat' dir='ltr'>justificatus</span> <span class='ocrx_word' id='word_1_170' title='bbox 1627 1511 1689 1545; x_wconf 88' lang='lat' dir='ltr'>est</span> <span class='ocrx_word' id='word_1_171' title='bbox 1711 1517 1734 1545; x_wconf 90' lang='lat' dir='ltr'>a</span> 
     </span>
     <span class='ocr_line' id='line_1_20' title="bbox 355 1570 1735 1634; baseline -0.001 -18"><span class='ocrx_word' id='word_1_172' title='bbox 355 1581 551 1634; x_wconf 82' lang='lat' dir='ltr'>peccato.</span> <span class='ocrx_word' id='word_1_173' title='bbox 599 1570 829 1633; x_wconf 84' lang='lat' dir='ltr'>Numquid</span> <span class='ocrx_word' id='word_1_174' title='bbox 861 1582 1030 1616; x_wconf 82' lang='lat' dir='ltr'>naturae</span> <span class='ocrx_word' id='word_1_175' title='bbox 1070 1573 1184 1627; x_wconf 81' lang='lat' dir='ltr'>fine,</span> <span class='ocrx_word' id='word_1_176' title='bbox 1215 1571 1380 1634; x_wconf 80' lang='lat' dir='ltr'>inquit,</span> <span class='ocrx_word' id='word_1_177' title='bbox 1412 1571 1677 1630; x_wconf 86' lang='lat' dir='ltr'>justificatur</span> <span class='ocrx_word' id='word_1_178' title='bbox 1710 1587 1735 1615; x_wconf 84' lang='lat' dir='ltr'>a</span> 
     </span>
     <span class='ocr_line' id='line_1_21' title="bbox 355 1638 1734 1703; baseline 0 -19"><span class='ocrx_word' id='word_1_179' title='bbox 355 1650 536 1703; x_wconf 82' lang='lat' dir='ltr'>peccato</span> <span class='ocrx_word' id='word_1_180' title='bbox 559 1638 739 1702; x_wconf 67' lang='lat' dir='ltr'>aliquis?</span> <span class='ocrx_word' id='word_1_181' title='bbox 759 1644 855 1685; x_wconf 66' lang='lat' dir='ltr'>fxon</span> <span class='ocrx_word' id='word_1_182' title='bbox 880 1641 1030 1703; x_wconf 89' lang='lat' dir='ltr'>utique</span> <span class='ocrx_word' id='word_1_183' title='bbox 1053 1658 1063 1684; x_wconf 73' lang='grc' dir='ltr'>ε</span> <span class='ocrx_word' id='word_1_184' title='bbox 1084 1641 1291 1703; x_wconf 85' lang='lat' dir='ltr'>quoniam</span> <span class='ocrx_word' id='word_1_185' title='bbox 1310 1641 1386 1703; x_wconf 86' lang='lat' dir='ltr'>qui</span> <span class='ocrx_word' id='word_1_186' title='bbox 1405 1650 1611 1702; x_wconf 87' lang='lat' dir='ltr'>peccator</span> <span class='ocrx_word' id='word_1_187' title='bbox 1635 1656 1734 1684; x_wconf 91' lang='lat' dir='ltr'>mo-</span> 
     </span>
     <span class='ocr_line' id='line_1_22' title="bbox 358 1710 1735 1773; baseline -0.002 -17"><span class='ocrx_word' id='word_1_188' title='bbox 358 1711 486 1765; x_wconf 80' lang='lat' dir='ltr'>ritur,</span> <span class='ocrx_word' id='word_1_189' title='bbox 507 1710 551 1754; x_wconf 91' lang='lat' dir='ltr'>in</span> <span class='ocrx_word' id='word_1_190' title='bbox 562 1720 742 1771; x_wconf 82' lang='lat' dir='ltr'>peccato</span> <span class='ocrx_word' id='word_1_191' title='bbox 764 1721 906 1755; x_wconf 85' lang='lat' dir='ltr'>manet</span> <span class='ocrx_word' id='word_1_192' title='bbox 921 1712 956 1759; x_wconf 74' lang='grc'>6.</span> <span class='ocrx_word' id='word_1_193' title='bbox 978 1711 1049 1756; x_wconf 88' lang='lat' dir='ltr'>ille</span> <span class='ocrx_word' id='word_1_194' title='bbox 1064 1721 1204 1755; x_wconf 83' lang='lat' dir='ltr'>autem</span> <span class='ocrx_word' id='word_1_195' title='bbox 1215 1712 1480 1771; x_wconf 79' lang='lat' dir='ltr'>justificatur</span> <span class='ocrx_word' id='word_1_196' title='bbox 1496 1728 1518 1755; x_wconf 88' lang='lat' dir='ltr'>a</span> <span class='ocrx_word' id='word_1_197' title='bbox 1537 1719 1735 1773; x_wconf 86' lang='lat' dir='ltr'>peccato,</span> 
     </span>
     <span class='ocr_line' id='line_1_23' title="bbox 359 1780 1735 1844; baseline -0.001 -18"><span class='ocrx_word' id='word_1_198' title='bbox 359 1781 430 1826; x_wconf 91' lang='lat' dir='ltr'>cui</span> <span class='ocrx_word' id='word_1_199' title='bbox 453 1796 531 1842; x_wconf 85' lang='lat' dir='ltr'>per</span> <span class='ocrx_word' id='word_1_200' title='bbox 554 1780 821 1842; x_wconf 86' lang='lat' dir='ltr'>baptismum</span> <span class='ocrx_word' id='word_1_201' title='bbox 846 1792 1025 1844; x_wconf 87' lang='lat' dir='ltr'>peccata</span> <span class='ocrx_word' id='word_1_202' title='bbox 1049 1781 1195 1825; x_wconf 87' lang='lat' dir='ltr'>omnia</span> <span class='ocrx_word' id='word_1_203' title='bbox 1213 1781 1508 1826; x_wconf 89' lang='lat' dir='ltr'>remittuntur.</span> <span class='ocrx_word' id='word_1_204' title='bbox 1528 1801 1550 1822; x_wconf 88' lang='lat'>›&gt;</span> <span class='ocrx_word' id='word_1_205' title='bbox 1571 1780 1735 1825; x_wconf 85' lang='lat' dir='ltr'>Habes-</span> 
     </span>
     <span class='ocr_line' id='line_1_24' title="bbox 358 1850 1737 1914; baseline -0.001 -17"><span class='ocrx_word' id='word_1_206' title='bbox 358 1869 410 1897; x_wconf 90' lang='lat' dir='ltr'>ne</span> <span class='ocrx_word' id='word_1_207' title='bbox 423 1855 477 1896; x_wconf 84' lang='lat' dir='ltr'>ad</span> <span class='ocrx_word' id='word_1_208' title='bbox 497 1851 576 1895; x_wconf 86' lang='lat' dir='ltr'>ista</span> <span class='ocrx_word' id='word_1_209' title='bbox 588 1850 707 1913; x_wconf 86' lang='lat' dir='ltr'>quod</span> <span class='ocrx_word' id='word_1_210' title='bbox 720 1850 838 1896; x_wconf 87' lang='lat' dir='ltr'>dicas</span> <span class='ocrx_word' id='word_1_211' title='bbox 853 1856 872 1896; x_wconf 67' lang='grc' dir='ltr'>Ξ)</span> <span class='ocrx_word' id='word_1_212' title='bbox 893 1852 1095 1897; x_wconf 87' lang='lat' dir='ltr'>Vides-ne</span> <span class='ocrx_word' id='word_1_213' title='bbox 1106 1851 1476 1914; x_wconf 87' lang='lat' dir='ltr'>quemadmodum</span> <span class='ocrx_word' id='word_1_214' title='bbox 1490 1850 1737 1914; x_wconf 81' lang='lat' dir='ltr'>expresserit</span> 
     </span>
     <span class='ocr_line' id='line_1_25' title="bbox 359 1920 1736 1984; baseline 0 -17"><span class='ocrx_word' id='word_1_215' title='bbox 359 1923 426 1967; x_wconf 74' lang='lat' dir='ltr'>vir</span> <span class='ocrx_word' id='word_1_216' title='bbox 453 1920 726 1977; x_wconf 75' lang='lat' dir='ltr'>venerabilis,</span> <span class='ocrx_word' id='word_1_217' title='bbox 751 1922 798 1966; x_wconf 88' lang='lat' dir='ltr'>in</span> <span class='ocrx_word' id='word_1_218' title='bbox 817 1922 1037 1984; x_wconf 87' lang='lat' dir='ltr'>baptismo</span> <span class='ocrx_word' id='word_1_219' title='bbox 1061 1921 1154 1966; x_wconf 87' lang='lat' dir='ltr'>fieri</span> <span class='ocrx_word' id='word_1_220' title='bbox 1177 1921 1367 1966; x_wconf 88' lang='lat' dir='ltr'>hominis</span> <span class='ocrx_word' id='word_1_221' title='bbox 1402 1931 1588 1966; x_wconf 89' lang='lat' dir='ltr'>mortem</span> <span class='ocrx_word' id='word_1_222' title='bbox 1627 1921 1736 1968; x_wconf 77' lang='lat' dir='ltr'>bea-</span> 
     </span>
     <span class='ocr_line' id='line_1_26' title="bbox 362 1990 1733 2054; baseline 0.003 -18"><span class='ocrx_word' id='word_1_223' title='bbox 362 2002 469 2047; x_wconf 77' lang='lat' dir='ltr'>tam,</span> <span class='ocrx_word' id='word_1_224' title='bbox 499 1991 577 2035; x_wconf 86' lang='lat' dir='ltr'>ubi</span> <span class='ocrx_word' id='word_1_225' title='bbox 595 1990 875 2036; x_wconf 87' lang='lat' dir='ltr'>remittuntur</span> <span class='ocrx_word' id='word_1_226' title='bbox 898 2002 1079 2054; x_wconf 80' lang='lat' dir='ltr'>peccata</span> <span class='ocrx_word' id='word_1_227' title='bbox 1103 1992 1278 2036; x_wconf 61' lang='lat' dir='ltr'>omnia?</span> <span class='ocrx_word' id='word_1_228' title='bbox 1300 1991 1383 2037; x_wconf 87' lang='lat' dir='ltr'>Sed</span> <span class='ocrx_word' id='word_1_229' title='bbox 1406 1991 1576 2036; x_wconf 86' lang='lat' dir='ltr'>attende</span> <span class='ocrx_word' id='word_1_230' title='bbox 1597 1992 1733 2051; x_wconf 88' lang='lat' dir='ltr'>aliud,</span> 
     </span>
     <span class='ocr_line' id='line_1_27' title="bbox 363 2061 1739 2125; baseline 0.001 -18"><span class='ocrx_word' id='word_1_231' title='bbox 363 2061 533 2107; x_wconf 82' lang='lat' dir='ltr'>attende</span> <span class='ocrx_word' id='word_1_232' title='bbox 549 2061 668 2123; x_wconf 85' lang='lat' dir='ltr'>quod</span> <span class='ocrx_word' id='word_1_233' title='bbox 687 2078 775 2106; x_wconf 90' lang='lat' dir='ltr'>non</span> <span class='ocrx_word' id='word_1_234' title='bbox 795 2062 858 2107; x_wconf 74' lang='lat' dir='ltr'>vis</span> <span class='ocrx_word' id='word_1_235' title='bbox 877 2061 922 2107; x_wconf 68' lang='lat'>7?</span> <span class='ocrx_word' id='word_1_236' title='bbox 947 2083 968 2102; x_wconf 66' lang='lat' dir='ltr'>r&lt;</span> <span class='ocrx_word' id='word_1_237' title='bbox 991 2062 1286 2117; x_wconf 72' lang='lat' dir='ltr'>Advertimus,</span> <span class='ocrx_word' id='word_1_238' title='bbox 1313 2062 1474 2125; x_wconf 84' lang='lat' dir='ltr'>inquit,</span> <span class='ocrx_word' id='word_1_239' title='bbox 1493 2064 1739 2121; x_wconf 85' lang='lat' dir='ltr'>cujusmodi</span> 
     </span>
     <span class='ocr_line' id='line_1_28' title="bbox 364 2132 1738 2197; baseline 0.002 -20"><span class='ocrx_word' id='word_1_240' title='bbox 364 2133 418 2177; x_wconf 92' lang='lat' dir='ltr'>sit</span> <span class='ocrx_word' id='word_1_241' title='bbox 440 2148 555 2177; x_wconf 89' lang='lat' dir='ltr'>mors</span> <span class='ocrx_word' id='word_1_242' title='bbox 586 2132 769 2194; x_wconf 71' lang='lat' dir='ltr'>mystica</span> <span class='ocrx_word' id='word_1_243' title='bbox 795 2150 806 2177; x_wconf 80' lang='lat' dir='ltr'>t</span> <span class='ocrx_word' id='word_1_244' title='bbox 835 2149 953 2178; x_wconf 89' lang='lat' dir='ltr'>nunc</span> <span class='ocrx_word' id='word_1_245' title='bbox 984 2132 1302 2178; x_wconf 87' lang='lat' dir='ltr'>consideremus</span> <span class='ocrx_word' id='word_1_246' title='bbox 1323 2134 1571 2192; x_wconf 85' lang='lat' dir='ltr'>cujusmodi</span> <span class='ocrx_word' id='word_1_247' title='bbox 1588 2133 1738 2197; x_wconf 88' lang='lat' dir='ltr'>sepul-</span> 
     </span>
     <span class='ocr_line' id='line_1_29' title="bbox 365 2202 1735 2261; baseline 0.002 -14"><span class='ocrx_word' id='word_1_248' title='bbox 365 2214 462 2247; x_wconf 84' lang='lat' dir='ltr'>tura</span> <span class='ocrx_word' id='word_1_249' title='bbox 482 2219 569 2248; x_wconf 87' lang='lat' dir='ltr'>esse</span> <span class='ocrx_word' id='word_1_250' title='bbox 592 2202 762 2249; x_wconf 86' lang='lat' dir='ltr'>debeat.</span> <span class='ocrx_word' id='word_1_251' title='bbox 793 2204 893 2249; x_wconf 90' lang='lat' dir='ltr'>Non</span> <span class='ocrx_word' id='word_1_252' title='bbox 916 2204 1033 2249; x_wconf 89' lang='lat' dir='ltr'>enim</span> <span class='ocrx_word' id='word_1_253' title='bbox 1055 2203 1155 2249; x_wconf 88' lang='lat' dir='ltr'>satis</span> <span class='ocrx_word' id='word_1_254' title='bbox 1179 2213 1240 2248; x_wconf 89' lang='lat' dir='ltr'>est</span> <span class='ocrx_word' id='word_1_255' title='bbox 1259 2213 1309 2248; x_wconf 89' lang='lat' dir='ltr'>ut</span> <span class='ocrx_word' id='word_1_256' title='bbox 1339 2204 1582 2250; x_wconf 85' lang='lat' dir='ltr'>moriantur</span> <span class='ocrx_word' id='word_1_257' title='bbox 1612 2205 1735 2261; x_wconf 82' lang='lat' dir='ltr'>vitia,</span> 
     </span>
     <span class='ocr_line' id='line_1_30' title="bbox 367 2272 1740 2337; baseline 0.002 -21"><span class='ocrx_word' id='word_1_258' title='bbox 367 2272 449 2317; x_wconf 88' lang='lat' dir='ltr'>nisi</span> <span class='ocrx_word' id='word_1_259' title='bbox 490 2283 724 2318; x_wconf 86' lang='lat' dir='ltr'>marcescat</span> <span class='ocrx_word' id='word_1_260' title='bbox 765 2274 958 2337; x_wconf 87' lang='lat' dir='ltr'>corporis</span> <span class='ocrx_word' id='word_1_261' title='bbox 979 2273 1120 2329; x_wconf 70' lang='lat' dir='ltr'>luXUS,</span> <span class='ocrx_word' id='word_1_262' title='bbox 1159 2284 1200 2319; x_wconf 90' lang='lat' dir='ltr'>et</span> <span class='ocrx_word' id='word_1_263' title='bbox 1244 2273 1438 2319; x_wconf 89' lang='lat' dir='ltr'>omnium</span> <span class='ocrx_word' id='word_1_264' title='bbox 1462 2273 1740 2320; x_wconf 86' lang='lat' dir='ltr'>vinculorum</span> 
     </span>
    </p>
   </div>
   <div class='ocr_carea' id='block_1_3' title="bbox 364 2379 1740 2581">
    <p class='ocr_par' dir='ltr' id='par_1_3' title="bbox 364 2379 1740 2581">
     <span class='ocr_line' id='line_1_31' title="bbox 415 2379 1740 2427; baseline 0 -16"><span class='ocrx_word' id='word_1_265' title='bbox 415 2380 425 2401; x_wconf 88' lang='lat'>¹</span> <span class='ocrx_word' id='word_1_266' title='bbox 445 2380 516 2413; x_wconf 89' lang='lat' dir='ltr'>Lib.</span> <span class='ocrx_word' id='word_1_267' title='bbox 537 2380 576 2412; x_wconf 90' lang='lat' dir='ltr'>de</span> <span class='ocrx_word' id='word_1_268' title='bbox 593 2382 752 2422; x_wconf 82' lang='lat' dir='ltr'>Paradiso,</span> <span class='ocrx_word' id='word_1_269' title='bbox 773 2394 844 2427; x_wconf 81' lang='lat' dir='ltr'>cap.</span> <span class='ocrx_word' id='word_1_270' title='bbox 865 2395 917 2415; x_wconf 74' lang='grc' dir='ltr'>ιι.</span> <span class='ocrx_word' id='word_1_271' title='bbox 936 2395 970 2417; x_wconf 87' lang='lat' dir='ltr'>n.</span> <span class='ocrx_word' id='word_1_272' title='bbox 995 2385 1048 2415; x_wconf 83' lang='lat'>60.</span> <span class='ocrx_word' id='word_1_273' title='bbox 1062 2401 1107 2407; x_wconf 90' lang='lat'>—</span> <span class='ocrx_word' id='word_1_274' title='bbox 1131 2382 1146 2404; x_wconf 80' lang='lat'><em>2</em></span> <span class='ocrx_word' id='word_1_275' title='bbox 1166 2386 1258 2414; x_wconf 82' lang='lat' dir='ltr'>Rom.</span> <span class='ocrx_word' id='word_1_276' title='bbox 1277 2394 1338 2421; x_wconf 81' lang='lat' dir='ltr'>vu,</span> <span class='ocrx_word' id='word_1_277' title='bbox 1353 2385 1410 2416; x_wconf 82' lang='lat'>23.</span> <span class='ocrx_word' id='word_1_278' title='bbox 1432 2401 1474 2405; x_wconf 97' lang='lat'><strong>—</strong></span> <span class='ocrx_word' id='word_1_279' title='bbox 1490 2379 1504 2404; x_wconf 87' lang='lat'>3</span> <span class='ocrx_word' id='word_1_280' title='bbox 1519 2381 1603 2415; x_wconf 87' lang='lat' dir='ltr'>Ibid.</span> <span class='ocrx_word' id='word_1_281' title='bbox 1625 2393 1678 2423; x_wconf 87' lang='lat'>¹9·</span> <span class='ocrx_word' id='word_1_282' title='bbox 1695 2400 1740 2407; x_wconf 89' lang='lat'>—</span> 
     </span>
     <span class='ocr_line' id='line_1_32' title="bbox 365 2433 1740 2481; baseline 0.001 -15"><span class='ocrx_word' id='word_1_283' title='bbox 365 2433 380 2456; x_wconf 77' lang='lat'>⁴</span> <span class='ocrx_word' id='word_1_284' title='bbox 398 2433 471 2467; x_wconf 82' lang='lat' dir='ltr'>Lib.</span> <span class='ocrx_word' id='word_1_285' title='bbox 487 2435 526 2466; x_wconf 89' lang='lat' dir='ltr'>de</span> <span class='ocrx_word' id='word_1_286' title='bbox 543 2436 701 2475; x_wconf 72' lang='lat' dir='ltr'>Paraffiso,</span> <span class='ocrx_word' id='word_1_287' title='bbox 719 2448 789 2481; x_wconf 84' lang='lat' dir='ltr'>cap.</span> <span class='ocrx_word' id='word_1_288' title='bbox 815 2440 916 2471; x_wconf 85' lang='lat'><strong>15.—</strong></span> <span class='ocrx_word' id='word_1_289' title='bbox 934 2437 947 2460; x_wconf 89' lang='lat'>⁵</span> <span class='ocrx_word' id='word_1_290' title='bbox 969 2438 1129 2471; x_wconf 84' lang='lat' dir='ltr'>Ambrosii</span> <span class='ocrx_word' id='word_1_291' title='bbox 1155 2438 1236 2468; x_wconf 84' lang='lat' dir='ltr'>liber</span> <span class='ocrx_word' id='word_1_292' title='bbox 1254 2437 1293 2468; x_wconf 86' lang='lat' dir='ltr'>de</span> <span class='ocrx_word' id='word_1_293' title='bbox 1309 2440 1512 2469; x_wconf 80' lang='lat' dir='ltr'>sacramento</span> <span class='ocrx_word' id='word_1_294' title='bbox 1527 2436 1740 2478; x_wconf 81' lang='lat' dir='ltr'>regeneratio-</span> 
     </span>
     <span class='ocr_line' id='line_1_33' title="bbox 367 2489 1740 2537; baseline 0.004 -17"><span class='ocrx_word' id='word_1_295' title='bbox 367 2489 416 2521; x_wconf 83' lang='lat' dir='ltr'>uis</span> <span class='ocrx_word' id='word_1_296' title='bbox 432 2500 487 2521; x_wconf 83' lang='lat' dir='ltr'>seu</span> <span class='ocrx_word' id='word_1_297' title='bbox 507 2490 546 2521; x_wconf 84' lang='lat' dir='ltr'>de</span> <span class='ocrx_word' id='word_1_298' title='bbox 568 2490 791 2535; x_wconf 78' lang='lat' dir='ltr'>philosophia,</span> <span class='ocrx_word' id='word_1_299' title='bbox 817 2494 873 2536; x_wconf 74' lang='lat' dir='ltr'>qui</span> <span class='ocrx_word' id='word_1_300' title='bbox 900 2504 965 2528; x_wconf 86' lang='lat' dir='ltr'>non</span> <span class='ocrx_word' id='word_1_301' title='bbox 985 2499 1080 2534; x_wconf 40' lang='lat' dir='ltr'>estat„</span> <span class='ocrx_word' id='word_1_302' title='bbox 1099 2511 1143 2524; x_wconf 80' lang='lat'>—</span> <span class='ocrx_word' id='word_1_303' title='bbox 1172 2491 1186 2514; x_wconf 75' lang='grc' dir='ltr'>θ</span> <span class='ocrx_word' id='word_1_304' title='bbox 1211 2495 1308 2537; x_wconf 71' lang='lat' dir='ltr'>Rom.</span> <span class='ocrx_word' id='word_1_305' title='bbox 1338 2504 1381 2532; x_wconf 79' lang='lat' dir='ltr'>vi,</span> <span class='ocrx_word' id='word_1_306' title='bbox 1409 2505 1440 2534; x_wconf 89' lang='lat'>7.</span> <span class='ocrx_word' id='word_1_307' title='bbox 1463 2511 1506 2521; x_wconf 87' lang='lat'>--</span> <span class='ocrx_word' id='word_1_308' title='bbox 1524 2490 1537 2515; x_wconf 87' lang='lat'>⁷</span> <span class='ocrx_word' id='word_1_309' title='bbox 1555 2492 1740 2533; x_wconf 67' lang='lat' dir='ltr'>Ambrosius</span> 
     </span>
     <span class='ocr_line' id='line_1_34' title="bbox 364 2544 833 2581; baseline 0.009 -4"><span class='ocrx_word' id='word_1_310' title='bbox 364 2546 422 2580; x_wconf 81' lang='lat' dir='ltr'>lib.</span> <span class='ocrx_word' id='word_1_311' title='bbox 441 2547 480 2578; x_wconf 84' lang='lat' dir='ltr'>de</span> <span class='ocrx_word' id='word_1_312' title='bbox 496 2550 710 2581; x_wconf 81' lang='lat' dir='ltr'>sacramento.</span> <span class='ocrx_word' id='word_1_313' title='bbox 830 2544 833 2546; x_wconf 58' lang='grc'><strong>’</strong></span> 
     </span>
    </p>
   </div>
   <div class='ocr_carea' id='block_1_4' title="bbox 1787 0 1797 40">
    <p class='ocr_par' dir='ltr' id='par_1_4' title="bbox 1787 0 1797 40">
     <span class='ocr_line' id='line_1_35' title="bbox 1787 0 1797 40; textangle 90"><span class='ocrx_word' id='word_1_314' title='bbox 1787 0 1797 40; x_wconf 46' lang='lat'>⁴-</span> 
     </span>
    </p>
   </div>
  </div>
 </body>
</html>
