1843 3190
241 319 411 349 CONTRA
449 318 673 349 Jttmitix'UM
711 318 1012 357 PELAGMNUM,
1053 320 1138 349 LIV„
1182 322 1221 349 V.
1318 305 1405 352 321

47 398 118 433 tur
137 406 148 440 3
172 396 214 431 et
231 403 364 449 poena
384 383 579 447 peccati,
605 400 690 446 qua
710 401 784 429 cor
803 384 1038 447 superbum
1062 384 1191 444 digna
1212 386 1413 431 animad-

50 457 241 503 versione
278 456 484 519 punitum
516 465 557 500 et
586 471 711 499 causa
742 455 939 517 peccati,
978 472 1079 500 cum
1114 455 1216 501 mali
1253 456 1418 519 aliquid

50 526 307 573 caecicordis
321 542 462 571 errore
478 524 765 569 committitur
786 542 796 569 :
814 525 873 569 ita
884 525 1239 587 concupiscentia
1256 526 1416 580 carnis,

53 597 254 642 adversus
278 612 406 658 quam
431 595 572 639 bonus
600 594 871 657 concupiscit
895 594 1069 657 spiritus
1085 631 1095 650 ‚
1130 605 1171 640 et
1190 605 1422 657 peccatum

52 678 113 713 cst
126 704 136 722 ‚
158 667 260 730 quia
280 667 388 710 inest
401 665 463 710 illi
478 664 772 710 inobedientia
791 676 942 710 contra
954 664 1225 710 dominatum
1240 663 1421 719 mentis;

54 748 95 783 et
108 754 240 800 poena
256 736 425 799 peccati
442 745 503 781 est
517 773 527 791 ‚
552 736 654 798 quia
669 735 840 781 reddita
857 746 918 781 est
928 735 1092 780 meritis
1107 735 1394 781 inobedientis
1410 756 1422 790 ;

55 818 98 853 et
119 824 246 853 causa
270 806 441 869 peccati
466 817 550 863 cst,
577 805 817 852 defectione
853 806 1157 852 consentientis
1186 806 1252 852 vel
1272 817 1427 852 conta-

57 878 181 937 gione
204 877 431 923 nascentis.

125 948 202 993 IX.
245 946 434 991 Proinde
458 946 600 991 omnia
630 962 729 1009 quae
752 964 832 1011 pro
865 946 948 992 hac
977 957 1049 992 tua
1070 963 1186 992 coeca
1207 959 1247 993 et
1271 948 1429 992 incon-

61 1019 246 1065 siderata
265 1017 470 1080 opinione
490 1016 631 1062 dixisti
646 1055 656 1068 ,
689 1035 774 1080 qua
794 1019 934 1063 carnis
960 1018 1358 1081 concupiscentiam
1381 1035 1432 1064 eo

60 1091 156 1152 ipso
182 1087 300 1151 quod
320 1104 412 1132 eam
433 1104 614 1149 poenam
649 1087 835 1134 diximus
868 1106 952 1133 csse
974 1088 1165 1151 peccati,
1188 1105 1275 1133 non
1295 1088 1435 1134 solum

64 1177 152 1205 non
185 1158 518 1221 vituperandam
537 1195 547 1213 ‚
585 1175 731 1203 verum
772 1160 899 1204 etiam
942 1158 1209 1203 laudandam
1241 1159 1407 1221 putasti
1422 1196 1433 1209 ,

66 1229 307 1293 quamlibet
340 1228 504 1290 prolixa
537 1228 829 1291 disputatione
861 1230 906 1274 in
931 1246 979 1273 eo
1004 1227 1135 1273 fueris
1157 1228 1411 1274 immoratus
1428 1265 1440 1285 ‚

67 1299 286 1345 evanuisse
309 1298 593 1344 certissimum
618 1309 693 1345 est.
736 1299 846 1344 Nam
879 1298 998 1362 quod
1032 1299 1125 1343 aisti
1152 1315 1163 1342 ι
1192 1298 1278 1343 «Si
1302 1298 1441 1344 libido

67 1388 203 1435 poena
235 1369 405 1433 peccati
429 1379 491 1413 est
509 1406 520 1425 ,
552 1369 841 1429 abjiciendam
877 1386 963 1415 esse
982 1369 1266 1432 pudicitiam,
1294 1387 1347 1415 ne
1373 1387 1444 1416 re-

69 1440 194 1487 hellis
229 1440 275 1485 in
314 1444 455 1486 Deum
478 1440 650 1485 castitas
691 1441 849 1486 illatam
882 1441 936 1486 ab
961 1457 1010 1485 eo
1045 1439 1216 1485 dicatur
1238 1456 1440 1486 enervare

72 1512 324 1557 sententiam
346 1548 355 1565 ‚
380 1532 400 1550 ›>
429 1520 468 1554 el
494 1520 648 1555 caetera
667 1510 921 1571 hujusmodi
940 1527 1040 1573 quae
1073 1509 1189 1555 hanc
1212 1510 1445 1555 vanitatem

74 1581 381 1644 consequentia
401 1591 529 1643 atque
546 1580 653 1626 'hinc
670 1581 846 1641 religata
868 1581 1056 1626 contexis
1075 1598 1085 1624 :
1109 1579 1288 1625 totidem
1305 1581 1449 1627 verbis

75 1652 128 1697 de
147 1651 340 1696 caecitate
360 1650 502 1696 cordis
520 1668 660 1696 errore
680 1651 899 1696 simillimo
915 1651 1002 1696 dici
1020 1661 1161 1713 potest
1180 1668 1190 1694 ε
1215 1650 1259 1694 Si
1278 1651 1452 1696 caecitas

77 1722 218 1769 cordis
242 1738 374 1784 poena
394 1722 561 1785 peccati
582 1733 643 1766 est
663 1759 673 1776 ,
695 1722 942 1781 abjicienda
957 1721 1155 1766 doctrina
1176 1758 1186 1776 ‚
1213 1738 1265 1766 ne
1283 1721 1454 1766 rebellis

78 1794 121 1839 iu
135 1794 273 1838 Deum
290 1792 444 1837 mentis
460 1792 723 1838 illuminatio
742 1793 906 1838 illatam
924 1793 978 1838 ab
996 1809 1044 1838 eo
1063 1792 1236 1837 dicatur
1254 1809 1457 1837 enervare

80 1864 348 1909 sententiam.
382 1862 515 1918 Quod
540 1863 574 1907 si
603 1864 960 1909 absurdissimum
987 1875 1049 1908 est
1070 1863 1235 1916 dicere,
1261 1863 1458 1925 quamvis

80 1935 134 1980 sit
149 1934 321 1979 caecitas
338 1933 479 1979 cordis
498 1950 631 1996 poena
650 1936 819 1996 peccati
840 1953 850 1979 :
879 1951 928 1980 eo
950 1933 1077 1978 modo
1099 1932 1457 1978 absurdissimum

82 2016 143 2050 est
168 2005 298 2050 ctiam
326 2003 447 2066 quod
471 2004 560 2066 ipse
592 2004 757 2055 dixisti,
787 2005 985 2068 quamvis
1010 2004 1064 2049 sit
1101 2003 1239 2048 libido
1258 2041 1268 2059 ‚
1294 2004 1338 2048 id
1366 2015 1452 2060 est,

83 2074 377 2120 inobedientia
397 2075 535 2118 carnis
553 2092 683 2137 piena
709 2075 891 2139 peccati.
921 2074 1138 2131 Quoniam
1157 2074 1458 2119 caecitaticor-

86 2145 151 2191 dis
171 2144 299 2189 debet
325 2143 512 2189 resistere
535 2145 736 2200 scientia,
766 2156 807 2190 et
834 2144 1011 2190 libidini
1039 2144 1304 2188 continentia
1330 2162 1340 2188 ε
1363 2162 1458 2190 eam

85 2232 187 2262 vero
204 2230 375 2275 pomam
398 2230 498 2276 quie
519 2231 598 2259 nec
616 2232 733 2259 error
746 2225 806 2260 est
821 2252 831 2269 ‚
854 2213 1085 2259 neclibido
1099 2250 1110 2269 ‚
1132 2212 1262 2258 debet
1281 2215 1462 2261 tolerare

88 2285 311 2347 patientia.
333 2284 615 2347 Quapropter
625 2285 802 2349 quando
825 2286 912 2330 Deo
927 2284 1114 2329 donante
1129 2300 1174 2328 ex
1188 2300 1287 2330 vera
1301 2285 1463 2331 vivitur

89 2354 191 2409 side,
221 2354 311 2416 ipse
336 2354 450 2398 Deus
467 2353 586 2399 adest
603 2365 643 2399 et
659 2355 792 2400 menti
815 2354 1114 2400 illuminandae
1129 2390 1140 2408 ‚
1161 2364 1201 2398 et
1226 2357 1464 2419 concupis-

90 2425 243 2471 centiae
281 2424 558 2486 superandae‚
596 2436 637 2470 et
661 2425 870 2470 molestiae
905 2423 1187 2487 perferendae.
1228 2425 1323 2470 Hoc
1351 2427 1467 2471 enim

93 2506 232 2541 totum
257 2505 370 2539 recte
388 2494 454 2550 fit,
475 2495 653 2557 quando
679 2496 728 2540 fit
748 2506 930 2559 propter
945 2496 1109 2558 ipsum,
1135 2494 1176 2539 id
1193 2505 1271 2549 est,
1290 2496 1468 2557 quando

31 2566 38 2572 ⁶
93 2566 223 2626 gratis
251 2575 421 2610 amatur
452 2565 542 2627 ipse
567 2583 577 2610 ε
606 2566 745 2630 qualis
768 2583 889 2612 amor
912 2566 1037 2611 nobis
1066 2583 1153 2610 esse
1186 2582 1271 2609 non
1306 2576 1469 2628 potest,

94 2636 175 2690 nisi
198 2653 244 2683 ex
266 2635 379 2699 ipso.
408 2635 612 2702 Alioquin
635 2636 812 2702 quando
836 2635 921 2685 sibi
938 2636 1070 2683 homo
1096 2634 1283 2681 multum
1301 2634 1466 2699 placet,

263 2722 397 2756 chu.
1281 2721 1333 2754 21
