1843 3190
286 295 462 327 CONTRA
494 285 723 329 summum
756 287 1062 339 nummum,
1099 298 1188 330 mn.
1229 299 1292 330 vr.
1365 281 1459 348 399·

93 354 272 408 Necesse
293 362 460 426 quippe
477 362 633 418 fuerat,
660 361 877 427 quidquid
903 363 949 409 in
972 362 1165 427 parvulis
1188 363 1275 410 suis
1300 378 1457 426 ageret,

94 431 215 494 quod
233 433 383 478 attinet
403 432 456 478 ad
472 433 675 495 mysteria
684 432 1092 488 christiana‚omnes
1113 451 1233 480 nosse
1245 434 1463 483 Christia-

94 511 184 550 nos.
200 502 291 548 Cur
303 512 444 548 autem
460 501 569 547 dicis
583 539 594 557 ,
608 523 628 544 «
648 502 779 558 Quod
795 504 1040 549 certaminis
1066 502 1464 565 singularisoblitus

92 571 137 617 in
151 571 329 632 vulgum
349 571 577 632 refugerim
594 575 638 618 Ρ»
653 572 760 629 Quis
780 573 862 618 tibi
875 574 1074 637 promisit
1091 591 1234 621 meum
1248 577 1462 637 singulare

96 652 310 688 certamen
330 645 350 688 ἓ
386 642 491 697 Ubi,
511 642 708 705 quando,
725 643 966 705 quomodo,
990 644 1153 707 quibus
1178 648 1464 708 praesentibus

96 712 256 775 quibus
266 712 502 758 arbitrisP«
524 711 708 767 oblato,
724 713 835 758 sicut
858 713 1241 777 loqueris‚placuit
1262 718 1470 782 componi

95 781 485 838 foederebellum1‚
500 792 548 827 ut
570 798 739 846 pugnas
763 783 959 828 omnium
980 785 1200 830 contentio
1223 797 1367 833 nostra
1393 787 1466 833 di-

95 851 300 898 rimeret?
319 874 340 894 n
364 851 489 898 Absit
513 862 562 897 ut
579 852 689 897 mihi
710 853 829 916 apud
850 853 1091 899 catholicos
1110 871 1320 915 arrogem,
1346 858 1468 921 quod

98 931 140 966 te
159 922 240 967 tibi
264 922 384 988 apud
402 921 656 982 Pelagianos
677 939 873 982 arrogare
892 940 978 968 non
999 923 1149 987 pudet.
1176 925 1298 972 Unus
1330 944 1424 973 sum
1446 945 1469 974 e

97 991 264 1048 multis,
285 992 363 1055 qui
386 991 588 1055 profanas
607 1003 768 1038 vestras
790 993 1002 1039 novitates
1021 1004 1069 1039 ut
1090 1011 1320 1058 possumus
1348 997 1469 1044 refu-

99 1068 242 1108 tamus
258 1099 269 1118 ,
295 1062 408 1108 sicut
429 1062 666 1126 unicuique
686 1073 885 1108 nostrum
906 1064 1021 1109 Deus
1047 1064 1234 1127 partitus
1260 1077 1321 1112 est
1344 1084 1470 1113 men-

100 1146 245 1177 suram
285 1131 436 1179 fidei2.
481 1132 727 1195 Antequam
750 1149 879 1178 essem
903 1143 1028 1178 natus
1063 1133 1169 1179 huic
1204 1136 1370 1181 mundo
1393 1174 1404 1193 ,
1430 1148 1472 1183 et

101 1210 332 1266 antequam
366 1219 497 1248 essem
534 1211 713 1248 renatus
747 1204 838 1248 Deo
858 1239 867 1257 ‚
901 1202 1040 1248 multa
1062 1203 1277 1252 catholica
1304 1205 1472 1254 lumina

100 1281 259 1318 vestras
282 1271 451 1318 futuras
486 1271 686 1318 tenebras
721 1271 1022 1332 redarguendo
1045 1286 1352 1336 praevenerunt
1375 1294 1385 1320 ε
1420 1277 1474 1323 de

102 1342 263 1404 quibus
284 1345 376 1402 jam
392 1341 566 1388 duobus
590 1341 886 1405 superioribus
904 1341 1027 1388 libris
1045 1343 1149 1388 meis
1169 1355 1331 1406 quanta
1347 1347 1475 1409 potui

102 1410 445 1458 manifestatione
466 1411 661 1458 disserui.
692 1411 839 1457 Habes
856 1428 943 1475 quo
966 1422 1008 1457 te
1023 1429 1191 1467 avoces,
1219 1414 1251 1459 si
1268 1424 1310 1459 te
1326 1416 1475 1462 adver-

104 1497 175 1528 sus
194 1482 456 1528 catholicam
482 1483 613 1528 fidem
642 1481 789 1528 adhuc
808 1482 993 1528 insanire
1009 1482 1208 1530 delectat.

169 1552 338 1599 XXIII.
362 1553 453 1599 Nec
477 1552 652 1597 nomine
675 1573 694 1594 α
717 1551 1045 1598 sellulariorum
1076 1553 1286 1616 opificum
1306 1577 1325 1597 ›>
1357 1556 1475 1603 deri-

105 1620 206 1667 deas
231 1622 427 1667 membra
452 1621 618 1667 Christi
640 1639 651 1666 x
673 1632 888 1668 memento
915 1622 1203 1685 quiainfirma
1223 1625 1379 1672 mundi
1396 1627 1478 1673 ele-

106 1691 168 1751 git
192 1693 331 1748 Deus,
351 1703 398 1738 ut
417 1691 658 1738 confundat
681 1693 812 1737 sortia
827 1692 860 1739 3.
892 1691 1011 1749 Quid
1036 1704 1098 1738 est
1132 1704 1274 1740 autem
1303 1716 1323 1736 «
1344 1697 1474 1752 Quod

107 1761 168 1807 eis
182 1778 285 1807 cum
303 1761 527 1808 ostendere
545 1762 749 1825 coeperis,
770 1763 816 1808 in
834 1779 902 1807 me
919 1762 1161 1808 acerbiores
1185 1764 1289 1809 fient
1301 1768 1319 1810 Ξ)
1331 1788 1350 1807 »
1363 1768 1481 1812 Men-

108 1831 180 1877 tiri
203 1833 262 1878 eis
284 1832 391 1888 noli,
416 1844 458 1878 et
481 1850 570 1878 non
593 1833 712 1879 fient.
748 1834 839 1892 Ego
872 1833 985 1878 enirn
1009 1850 1097 1878 non
1126 1850 1196 1878 eos
1215 1871 1226 1890 ,
1259 1835 1371 1882 sicut
1402 1854 1478 1883 ca-

108 1901 353 1958 lumniaris,
378 1904 609 1948 «Assevero
625 1902 849 1965 peculium
870 1901 1037 1947 diaboli
1054 1924 1091 1956 ‚n
1105 1919 1214 1966 quos
1235 1905 1482 1970 redemptos

112 1972 278 2018 Christi
316 1973 524 2032 sanguine
561 1972 678 2019 scio:
720 1993 740 2014 «
765 1971 855 2019 Nec
894 1972 1069 2018 diabolo
1110 1974 1312 2034 conjugia
1329 2013 1341 2031 ‚
1373 1998 1393 2018 »
1436 1978 1483 2024 in

110 2052 323 2105 quantum
343 2043 545 2103 conjugia
569 2053 669 2088 sunt
684 2080 694 2099 ‚
717 2063 737 2084 c<
759 2042 856 2088 Ulla
881 2042 1149 2095 transcrib03
1177 2064 1197 2084 »
1234 2062 1312 2090 nec
1330 2067 1348 2087 «
1369 2047 1483 2094 Eum

112 2113 362 2172 genitalium
377 2123 650 2158 commentor
675 2114 901 2167 artificem3
915 2134 935 2154 »
947 2130 1026 2158 nec
1044 2134 1063 2153 «
1075 2113 1360 2161 Excitatorem
1374 2118 1486 2164 viro-

112 2199 211 2228 rum
231 2183 314 2229 nisi
339 2183 394 2228 ad
417 2182 626 2239 illicita‚›>
652 2200 734 2229 nec
760 2204 778 2224 «
796 2182 1155 2228 Foecundatorem
1182 2183 1414 2231 mulierum
1430 2224 1441 2244 ‚
1466 2210 1487 2230 η

112 2268 192 2299 nec
231 2274 252 2294 «
273 2252 554 2299 Conditorem
578 2269 716 2298 assero
752 2252 1049 2316 parvulorum.
1072 2272 1091 2293 >³
1123 2252 1230 2298 Haec
1264 2270 1363 2314 ergo
1387 2273 1488 2320 quae

116 2340 139 2368 a
156 2339 224 2368 me
255 2323 392 2368 aliena
416 2332 547 2378 sunt,
571 2323 605 2368 si
627 2323 687 2368 eis
721 2323 775 2368 de
808 2340 876 2367 me
897 2322 1070 2377 dixeris,
1106 2323 1350 2370 mentieris:
1391 2338 1431 2373 et
1457 2330 1491 2376 si

115 2394 345 2457 quisquam
374 2410 525 2440 eorum
550 2394 631 2439 tihi
655 2394 831 2439 credens
857 2393 1056 2439 acerbior
1077 2393 1121 2438 in
1146 2410 1214 2438 me
1240 2394 1371 2442 fuerit
1394 2398 1489 2445 fac-

117 2474 204 2519 ῐυε,
232 2465 441 2528 deceptus
475 2465 638 2528 poterit
668 2483 754 2511 esse
775 2502 785 2521 ,
816 2482 904 2510 non
939 2464 1108 2510 doctus.
1146 2465 1181 2509 li
1217 2482 1317 2511 vero
1342 2470 1418 2530 qui
1453 2482 1494 2517 et

118 2543 355 2596 utrumque
373 2544 568 2580 nostrum
583 2570 594 2590 ‚
622 2544 664 2580 et
685 2534 815 2580 fidem
843 2533 1105 2580 catholicam
1139 2534 1282 2580 sciunt
1298 2573 1308 2591 ‚
1332 2537 1494 2587 discere

170 2619 181 2640 ¹
201 2616 290 2658 Virg.
305 2616 428 2648 AEneid.
447 2627 498 2649 12.
514 2627 597 2649 vers.
618 2628 695 2658 ¹09·
708 2636 752 2643 -
767 2617 782 2640 2
796 2621 890 2650 Rom.
907 2628 968 2655 xn,
989 2619 1019 2650 3.
1032 2634 1078 2641 -
1095 2614 1109 2639 3
1128 2629 1140 2647 1
1158 2618 1231 2649 Cor.
1256 2630 1284 2656 1,
1305 2629 1358 2659 ²7·
