1843 3190
243 274 334 326 382
650 281 684 326 ε’.
726 281 971 326 ΑῡθυεΤιΝΙ
1005 289 1211 326 muscum

240 361 369 407 Fuisse
392 361 548 408 Jesum.
589 360 708 422 Quos
741 361 874 421 igitur
905 360 992 406 hoc
1023 356 1121 407 loco
1145 356 1346 422 intelligis
1375 372 1571 408 mortuos
1597 378 1610 409 ι

241 431 467 497 Numquid
497 449 566 478 eos
588 432 665 496 qui
683 430 736 477 de
754 443 936 496 corpore
956 429 1146 476 exierunt
1165 434 1184 477 ,ὓ
1214 432 1322 488 Quis
1344 432 1404 478 ita
1428 432 1612 496 desipiat

239 513 289 549 ut
314 503 401 549 hoc
428 502 600 566 sapiat?
640 502 703 547 Eo
741 499 872 548 modo
903 502 1049 566 ltaque
1073 501 1352 563 intelligimus
1384 513 1578 549 mortuos·
1598 542 1609 560 ‚

239 591 320 637 pro
339 573 501 638 quibus
515 572 718 619 omnibus
739 589 850 619 unus
869 582 1066 619 mortuus
1075 582 1136 618 est
1154 572 1371 629 Christus,
1391 573 1612 638 quomodo

240 645 345 690 alibi
369 643 476 690 dicit
499 664 509 690 ε
531 665 550 686 (ι
565 647 619 691 Et
639 660 713 690 vos
731 661 831 690 cum
854 644 995 690 essetis
1012 645 1173 690 mortui
1195 645 1240 689 i'n
1256 644 1422 690 delictis
1441 656 1481 690 et
1498 662 1611 710 prae-

240 736 261 757 ³>
281 716 406 779 putio
428 715 568 761 carnis
590 725 761 769 vestrae,
785 714 1026 760 vivificavit
1041 730 1142 759 cum
1160 713 1235 759 illo
1254 714 1292 763 4.
1312 734 1332 756 >³
1355 717 1417 761 Ac
1437 730 1515 778 per
1527 716 1618 761 hoc

238 802 351 831 unus
373 823 383 842 ‚
418 786 594 848 inquit,
635 802 716 847 pro
742 785 947 829 omnibus
984 795 1184 829 mortuus
1213 794 1274 829 est
1296 821 1306 839 ,
1334 802 1432 845 ergo
1465 798 1611 832 omnes

238 856 400 901 mortui
425 866 553 900 sunt:
583 854 809 900 ostendens
832 853 923 899 fieri
960 870 1048 898 non
1072 854 1264 916 potuisse
1293 864 1341 899 ut
1372 865 1614 900 moreretur

238 925 319 971 nisi
342 943 422 989 pro
447 926 642 971 mortuis.
683 926 745 970 Ex
762 924 849 969 hoc
883 923 994 968 enim
1019 923 1225 986 probavit
1249 940 1394 970 omnes
1418 934 1613 971 mortuos

238 1013 341 1052 esse,
365 997 467 1060 quia
482 1013 563 1059 pro
585 996 790 1041 omnibus
812 1003 1011 1039 mortuus
1030 1004 1092 1040 est
1121 1010 1246 1040 unus.
1278 994 1481 1058 impingo
1496 1033 1507 1051 ‚
1539 995 1613 1040 in-

238 1066 382 1123 culco,
403 1066 582 1113 infercio
604 1065 820 1112 recusanti
845 1083 858 1110 t
883 1065 1055 1128 accipe,
1079 1064 1262 1110 salubre
1284 1076 1362 1115 θεῖ,
1388 1065 1489 1111 nolo
1514 1082 1613 1111 mo-

236 1138 372 1185 riaris.
400 1138 521 1182 Unus
539 1154 620 1200 pro
645 1136 849 1182 omnibus
871 1146 1069 1181 mortuus
1092 1146 1153 1181 est
1168 1172 1178 1192 ,
1201 1153 1300 1196 ergo
1320 1152 1467 1182 omnes
1492 1152 1616 1181 mor-

237 1208 303 1253 tui
321 1218 434 1254 sunt.
462 1207 570 1253 Vide
585 1207 688 1270 quia
707 1222 971 1268 consequens
986 1223 1070 1251 esse
1081 1205 1239 1262 voluit,
1258 1216 1305 1252 ut
1318 1206 1613 1266 intelligantur

239 1296 385 1324 omnes
407 1277 587 1333 mortui,
621 1277 655 1322 si
671 1293 753 1340 pro
780 1275 984 1321 omnibus
1019 1287 1216 1322 mortuus
1252 1287 1327 1324 est.
1366 1277 1481 1334 Quia
1513 1293 1613 1338 ergo

235 1366 325 1395 non
347 1348 392 1394 in
413 1364 611 1411 corpore,
640 1356 771 1392 restat
791 1355 840 1391 ut
862 1346 906 1391 in
931 1357 1113 1409 peccato
1136 1358 1426 1392 essemortuos
1446 1363 1610 1403 omnes,

236 1436 319 1482 pro
339 1419 500 1483 quibus
517 1418 717 1463 Christus
739 1426 936 1462 mortuus
959 1427 1036 1472 est,
1070 1434 1196 1462 nemo
1214 1428 1339 1477 neget
1357 1454 1367 1475 ‚
1385 1434 1513 1463 nemo
1533 1416 1614 1463 du-

234 1490 362 1546 bitet,
383 1488 459 1552 qui
479 1505 520 1533 se
533 1505 620 1533 non
637 1497 764 1547 negat
789 1497 861 1532 aut
877 1486 1054 1533 dubitat
1068 1504 1154 1533 esse
1167 1488 1482 1534 Christianum.
1495 1486 1612 1544 Qua-

239 1570 422 1624 propter
445 1559 479 1605 si
500 1558 671 1604 nullum
695 1557 879 1603 trahunt
908 1570 1141 1621 peccatum
1164 1558 1337 1622 parvuli
1357 1596 1368 1615 ,
1399 1576 1487 1604 non
1511 1567 1613 1604 sunt

239 1631 413 1678 mortui.
447 1631 492 1676 Si
516 1647 604 1675 nou
637 1640 735 1675 sunt
767 1630 928 1675 mortui
950 1668 960 1687 ‚
984 1648 1073 1676 non
1096 1641 1158 1676 est
1193 1641 1388 1676 mortuus
1412 1647 1497 1693 pro
1523 1628 1611 1685 eis,

240 1702 317 1765 qui
338 1718 427 1747 non
451 1710 512 1746 θεῖ
528 1711 726 1746 mortuus
750 1699 832 1744 nisi
864 1717 945 1763 pro
970 1701 1164 1747 mortuis.
1195 1702 1263 1745 Tu
1295 1711 1435 1745 autem
1455 1704 1546 1759 jam
1569 1699 1615 1745 in

240 1773 385 1836 primo
410 1783 484 1817 tuo
505 1771 620 1817 libio
645 1782 798 1816 contra
820 1788 895 1816 nos
916 1771 1105 1817 clamans
1128 1809 1140 1828 ‚
1176 1770 1318 1816 dixisti
1348 1770 1613 1815 «Christum

241 1843 371 1888 etiam
390 1859 471 1906 pro
489 1841 680 1905 parvulis
699 1851 935 1887 mortuum.
961 1863 982 1883 >2
1001 1841 1133 1887 Nullo
1158 1841 1288 1886 modo
1310 1841 1443 1900 igitur
1462 1857 1616 1901 negare

242 1913 504 1977 permitteris
528 1929 598 1957 eos
618 1911 786 1957 trahere
802 1911 1010 1971 originale
1033 1922 1282 1974 peccatum.
1313 1911 1424 1955 Nam
1455 1909 1617 1955 mortui

245 1983 376 2039 unde,
416 1983 449 2028 si
473 2000 561 2028 non
581 1981 683 2028 inde
699 2002 710 2036 3
739 1993 814 2028 aut
837 1992 1018 2045 propter
1045 1999 1178 2046 quam
1210 1992 1393 2027 mortem
1412 1980 1617 2044 parvulo-

243 2071 341 2100 rum
362 2064 557 2099 mortuus
586 2063 664 2109 est,
689 2053 764 2115 qui
787 2070 877 2098 non
901 2063 963 2097 θεῖ
986 2062 1181 2097 mortuus
1201 2052 1282 2097 nisi
1307 2068 1388 2114 pro
1402 2051 1616 2097 mortuis?

246 2126 443 2188 Eumque
459 2135 508 2169 tu
526 2133 747 2169 mortuum
781 2140 862 2186 pro
891 2122 1085 2186 parvulis
1115 2123 1352 2168 confiteris.
1383 2121 1496 2167 Redi
1518 2139 1617 2181 ergo

245 2207 415 2241 mecum
450 2194 503 2240 ad
535 2193 645 2240 illud
672 2193 792 2258 quod
827 2193 883 2238 ad
913 2194 1133 2239 Romanos
1167 2210 1385 2257 coeperam
1415 2191 1572 2238 dicere.

310 2266 388 2311 IX.
413 2285 432 2305 α
451 2264 770 2319 Commendat,
798 2264 966 2327 inquit,
995 2281 1115 2309 suam
1142 2264 1401 2309 charitatem
1433 2263 1548 2307 Deus
1572 2262 1616 2307 in

245 2358 265 2378 n
281 2335 426 2390 nobis,
449 2335 656 2398 quoniam
680 2351 780 2380 cum
805 2334 952 2380 adhuc
969 2345 1215 2397 peccatores
1239 2350 1441 2389 essemus,
1460 2332 1616 2377 Chris-

244 2427 265 2447 n
283 2417 352 2450 tus
376 2421 457 2468 pro
480 2404 607 2449 nobis
645 2415 840 2450 mortuus
875 2415 949 2451 est.
990 2406 1102 2450 Cum
1133 2414 1381 2467 peccatores
1402 2440 1411 2457 ‚
1444 2403 1612 2466 inquit‚

240 2497 260 2517 >³
282 2492 464 2522 essemus
479 2512 490 2531 ‚
513 2474 601 2520 hoc
634 2484 718 2530 est,
755 2491 855 2520 cum
876 2475 1036 2519 mortui
1061 2490 1244 2519 essemus
1263 2510 1272 2528 ‚
1310 2472 1513 2517 Christus
1536 2489 1617 2536 pro

237 2568 258 2589 ι)
275 2547 402 2592 nobis
422 2555 618 2591 mortuus
639 2555 726 2591 est:
752 2545 892 2591 multo
913 2545 1047 2605 magis
1066 2544 1292 2604 justificati
1314 2560 1428 2589 nunc
1450 2543 1494 2588 in
1514 2560 1616 2588 san-

287 2631 297 2654 ¹
315 2630 435 2663 Coloss.
455 2638 497 2671 η,
518 2638 530 2659 ι
543 2631 574 2662 3.
