1843 3190
245 357 418 389 coNTnA
450 355 676 388 JULIANUM
714 355 1019 396 PELAerANeM,
1057 355 1144 385 mn.
1186 357 1255 387 ιιι.
1335 340 1423 403 193

67 432 170 467 tasse
203 422 390 479 dicturi,
424 433 498 468 aut
533 432 619 466 tam
641 438 845 481 magnum
879 430 1193 466 sacramentum
1219 420 1345 465 sicin
1370 420 1429 465 eis

65 509 149 537 esse
167 492 406 539 ludibrium
427 530 436 548 ‚
460 503 507 537 ut
526 492 570 537 in
591 491 812 537 Salvatore
834 491 1128 554 baptizentur,
1151 490 1221 535 sed
1241 507 1328 535 non
1351 489 1432 534 sal-

63 573 243 617 ventur3
278 582 300 608 a
337 564 584 609 Liberatore
624 562 910 617 redimantur,
946 561 1018 607 sed
1051 579 1138 606 non
1168 561 1434 612 liberentur3

63 632 242 678 lavacro
256 633 586 692 regenerationis
602 632 818 689 laventur,
838 631 910 677 secl
930 648 1017 677 non
1037 631 1292 683 abluantur;
1315 646 1440 676 exor-

66 702 259 747 cizentur
290 713 331 747 et
350 703 638 757 exsufflentur,
669 702 741 747 sed
767 720 789 747 a
805 712 1016 765 potestate
1051 701 1326 746 tenebrarum
1351 716 1442 745 non

67 782 299 828 eruantur3
325 773 378 817 sit
413 790 562 818 eorum
595 772 785 835 pretium
821 772 1017 831 sanguis,
1046 771 1122 834 qui
1146 771 1190 816 in
1223 770 1444 816 remissio-

68 858 164 886 nem
184 841 302 887 fusus
320 853 380 887 est
399 854 679 906 peccatorum
697 880 708 898 ,
735 842 806 888 sed
828 842 989 888 nullius
1011 841 1179 905 peccati
1198 840 1444 886 remissione

67 923 323 973 purgentur.
356 914 450 958 Hoc
485 924 623 958 totum
655 923 914 975 propterea,
942 913 1044 975 quia
1079 912 1232 957 timetis
1264 910 1440 956 dicere:

71 983 168 1027 Non
186 982 486 1045 baptizentur3
510 1000 562 1028 ne
581 1000 668 1028 non
688 983 826 1028 solum
845 983 974 1028 facies
998 993 1151 1028 vestrae
1177 981 1314 1045 sputis
1336 981 1446 1026 obli-

69 1062 231 1096 nantur
255 1053 443 1097 virorum
460 1089 470 1109 ‚
490 1070 642 1098 verum
667 1053 796 1097 etiam
821 1053 965 1116 capita
987 1052 1190 1098 sandaliis
1215 1050 1446 1096 muliercu-

70 1121 210 1167 larum
230 1123 594 1182 commitigentur.

136 1193 238 1238 XII.
271 1193 359 1238 Nos
379 1203 492 1238 certe
512 1209 683 1238 causam
698 1193 870 1239 cursub
883 1192 1059 1238 diabolo
1078 1192 1219 1255 sitqui
1238 1191 1447 1247 nascitur,

72 1262 211 1308 donec
231 1273 481 1308 renascatur
504 1263 548 1308 in
575 1262 750 1308 Christo
769 1300 780 1320 ,
810 1263 978 1326 peccati
1001 1279 1048 1308 ex
1078 1263 1243 1322 origine
1265 1261 1453 1306 dicimus

72 1349 157 1378 esse
178 1333 444 1392 contagium.
471 1333 556 1379 Vos
588 1343 732 1378 autem
764 1333 840 1396 qui
878 1333 966 1378 hoc
1002 1333 1190 1391 negatis,
1228 1349 1276 1377 ea
1302 1330 1452 1376 saltem

70 1419 170 1466 quae
204 1413 351 1465 aperta
374 1414 476 1448 sunt
498 1403 753 1456 intuemini3
782 1420 861 1448 cur
890 1403 1090 1448 nonnulli
1124 1403 1253 1448 etiam
1280 1402 1451 1447 daemo-

72 1490 167 1517 nem
193 1473 418 1534 patiantur
443 1473 656 1519 infantes:
678 1473 762 1518 nisi
779 1471 890 1518 forte
911 1483 951 1517 et
971 1473 1086 1535 ipsos
1101 1510 1111 1527 ,
1143 1483 1217 1517 aut
1240 1489 1325 1517 esse
1340 1508 1350 1527 ,
1379 1481 1456 1516 aut:

71 1543 153 1587 sub
171 1542 345 1588 diabolo
369 1560 455 1588 esse
471 1580 481 1598 ,
505 1542 740 1603 negabitis3
758 1560 838 1588 nec
855 1560 931 1589 vos
950 1542 1233 1602 Evangelium
1263 1557 1456 1587 commo-

72 1612 224 1657 nebitss
243 1650 254 1666 ,
296 1613 375 1658 ubi
410 1613 594 1658 forsitan
619 1623 799 1676 propter
821 1630 897 1658 vos
921 1612 1203 1672 interrogavit
1240 1611 1454 1656 Dominus

75 1682 194 1745 quod
227 1683 421 1739 sciebat,
449 1694 498 1728 ut
528 1694 654 1746 pater
676 1683 802 1745 pueri
825 1682 1131 1746 responderet,
1160 1681 1300 1726 filium
1325 1696 1455 1726 suum

0 1793 10 1801 ,.
74 1754 130 1798 ab
154 1752 337 1799 infantia
354 1771 429 1799 sua
455 1772 476 1799 a
500 1753 719 1799 daemonio
744 1764 832 1798 tam
857 1753 977 1812 gravi
998 1752 1270 1814 graviterque
1283 1749 1451 1806 vexari,

10 1842 11 1853 ¹
77 1833 124 1868 ut
144 1840 167 1867 a
191 1824 355 1869 Christi
377 1823 615 1887 Discipulis
641 1841 729 1870 non
763 1833 909 1886 posset
936 1822 1103 1886 expelli.
1142 1823 1254 1867 Ecce
1276 1838 1354 1881 ego
1370 1858 1382 1877 ,
1406 1831 1456 1866 ut

12 1912 13 1915 ¹
74 1894 158 1938 sint
171 1894 343 1957 parvuli
367 1894 412 1939 in
429 1893 592 1940 diaboli
610 1904 819 1957 potestate
837 1931 847 1948 ,
874 1910 1048 1940 causam
1066 1893 1240 1955 nuptias
1262 1909 1347 1937 esse
1364 1908 1453 1937 non

15 1985 19 2010 ς
75 1964 174 2009 dico
191 2001 201 2020 ,
236 1964 356 2027 quod
382 1982 450 2010 me
484 1964 626 2011 dicere
646 1964 938 2011 calumniaris.
983 1963 1161 2026 Nuptiae
1181 1963 1346 2026 quippe
1365 1962 1452 2007 ha-

15 2055 17 2078 :
76 2034 179 2079 bent
199 2035 391 2080 ordinem
429 2053 554 2081 suum
577 2046 618 2081 et
645 2035 992 2081 benedictionem
1026 2051 1169 2088 suam,
1196 2034 1451 2096 bonumque

15 2124 18 2130 ·
77 2121 202 2149 suum
238 2123 317 2150 nec
360 2106 634 2151 subintrante
665 2117 845 2169 peccato
874 2105 1068 2150 amittere
1092 2114 1345 2167 potuerunt.
1381 2104 1451 2147 Tu

77 2185 221 2219 autem
255 2191 389 2237 quare
413 2176 467 2220 sit
491 2176 572 2221 sub
593 2176 770 2220 diabolo
795 2175 865 2220 ille
884 2175 1031 2220 saltem
1057 2174 1198 2219 infans
1215 2210 1224 2227 ,
1256 2173 1332 2236 qui
1359 2189 1451 2217 ma-

22 2242 26 2244 *
77 2244 349 2290 nifestissime
369 2255 543 2291 vexatur
562 2263 583 2290 a
597 2245 774 2290 diabolo
791 2282 800 2297 ‚
825 2245 882 2289 ita
902 2254 950 2289 ut
969 2243 1204 2306 aliquando
1219 2243 1312 2305 ipsa
1330 2259 1452 2288 vexa-

77 2314 192 2359 tione
216 2315 443 2369 moriatur,
468 2314 678 2377 responde
710 2315 742 2359 si
767 2324 905 2376 potes,
933 2315 1031 2358 Non
1050 2313 1114 2358 vis
1137 2313 1273 2368 enim,
1295 2329 1454 2376 quem-

79 2400 210 2446 quam
235 2383 366 2429 ullam
388 2401 565 2447 poenam
592 2401 672 2447 pro
693 2384 838 2428 alienis
861 2383 1006 2428 subire
1029 2383 1242 2445 peccatis,
1266 2399 1319 2427 ne
1347 2382 1453 2427 hinc

82 2455 161 2498 liat
176 2454 384 2499 credibile
398 2491 407 2509 ,
430 2455 557 2499 etiam
578 2454 779 2513 contagia
802 2464 1082 2517 peccatorum
1103 2453 1148 2498 in
1169 2462 1390 2499 nascentes
1407 2469 1455 2496 ex

81 2524 358 2582 gignentibus
372 2541 494 2587 posse
515 2524 706 2570 transire.

147 2595 273 2640 Xlll.
317 2594 400 2640 Sed
435 2594 650 2653 videlicet*
696 2604 744 2641 ut
775 2594 968 2654 egregius
1001 2592 1252 2639 dialecticus
1279 2608 1288 2637 :
1314 2612 1333 2634 α
1357 2590 1456 2636 Non

128 2675 139 2698 ¹
166 2677 230 2708 [ue
262 2687 307 2708 xx.
329 2677 382 2718 39.

210 2742 336 2776 cxm.
1280 2725 1334 2773 13
