1843 3190
269 371 444 403 CONTRA
476 363 703 403 &utimum
739 361 1043 414 mmmmm,
1081 375 1168 406 Lm.
1211 376 1271 406 vi.
1345 360 1438 415 403

75 433 157 482 nisi
177 437 518 500 perfundantur,
557 437 808 484 admittitis:
842 450 969 502 atque
996 440 1056 486 ita
1078 440 1283 504 perfundi
1304 442 1442 490 multo

75 506 227 553 melius
256 509 465 568 judicatis
487 525 572 554 esse
588 525 717 571 quarn
741 510 873 556 nasci.
909 511 1008 555 Jam
1032 512 1178 575 itaque
1209 513 1333 559 vobis
1360 514 1445 577 ipsi

75 576 243 623 'reddite
262 580 490 633 rationem,
510 595 563 623 ne
577 579 738 641 putetis
754 578 1000 638 indignum,
1032 582 1167 644 utqui
1187 599 1274 628 non
1292 583 1446 629 admit-

77 645 231 693 tuntur
252 648 298 694 in
321 661 500 708 regnum
527 649 622 704 Dei,
650 649 735 694 sint
768 649 851 694 sub
874 648 948 694 illo
972 650 1048 712 qui
1066 651 1223 696 'cecidit
1244 652 1298 698 de
1316 656 1447 713 regno

78 718 182 775 Dei;
206 729 247 764 et
265 718 341 781 qui
361 735 449 763 non
469 718 636 763 habent
660 719 812 774 vitam,
842 719 927 763 sint
951 720 1033 764 sub
1055 720 1130 765 illo
1163 722 1239 784 qui
1256 723 1450 785 vperdidit

77 787 227 833 vitam.
249 788 347 833 Non
373 798 522 833 autem
542 787 704 832 habere
726 787 931 850 parvulos
956 789 1106 845 vitam,
1145 791 1226 836 nisi
1257 791 1451 838 habeant

81 858 327 915 Christum,
359 860 516 922 (quem
540 858 695 921 procul
711 858 849 904 dubio
867 859 1028 904 hahere
1040 877 1128 905 non
1152 873 1350 924 possunt,
1373 863 1457 908 nisi

78 927 300 974 induerint
318 944 416 974 eum
433 966 444 985 ,
468 946 517 974 eo
553 928 685 974 modo
710 945 798 992 quo
823 929 1037 992 scriptum
1071 940 1132 976 est
1155 948 1205 976 z«
1227 932 1458 996 Quotquot

81 1018 103 1040 ι)
119 997 165 1043 in
183 998 359 1044 Christo
375 999 589 1062 baptizati
605 999 722 1054 estis,
750 999 978 1044 Christum
995 999 1198 1046 induistis
1216 1000 1234 1030 1
1258 1016 1269 1047 t
1296 1023 1316 1043 ))
1334 1004 1349 1065 )
1367 1014 1457 1048 non

80 1085 180 1129 ergo
197 1086 268 1114 eos
289 1069 451 1114 habere
475 1070 608 1115 vitam
641 1070 723 1114 nisi
762 1069 956 1115 habeant
987 1071 1230 1128 Christum,
1268 1073 1457 1119 Joannes

81 1139 341 1199 evangelista
368 1150 547 1185 testatur
568 1139 714 1185 dicens
741 1140 787 1184 in
811 1140 1006 1202 Epistola
1039 1157 1138 1197 sua,
1167 1162 1186 1183 c<
1209 1143 1298 1198 Qui
1323 1144 1460 1188 habet

84 1212 104 1251 ί)
122 1209 296 1265 Filium,
317 1210 452 1256 habet
474 1210 606 1255 vitam
621 1230 633 1264 3
650 1210 726 1272 qui
749 1227 836 1254 non
865 1210 999 1255 habet
1017 1211 1170 1256 Filium
1186 1249 1196 1267 ,
1215 1213 1349 1258 vitam
1372 1225 1460 1258 non

87 1301 106 1321 >³
126 1278 262 1325 habet
278 1280 312 1326 2.
337 1301 358 1321 2>
381 1279 538 1326 Merito
562 1296 661 1339 ergo
691 1279 995 1338 intelliguntur
1009 1281 1172 1326 mortui
1190 1283 1365 1344 quinon
1379 1283 1466 1328 ha-

84 1349 191 1395 bent
207 1351 338 1396 vitam
355 1387 366 1406 ,
390 1368 472 1413 pro
496 1350 658 1413 quibus
676 1355 738 1394 est
750 1350 949 1395 Christus
972 1360 1169 1396 mortuus
1183 1362 1232 1397 ut
1253 1349 1458 1400 habeant.

86 1433 107 1459 ἀ
137 1421 258 1465 Unus
276 1421 389 1466 enim
407 1435 489 1484 pro
510 1420 715 1465 omnibus
737 1430 936 1465 mortuus
953 1431 1031 1477 est,
1052 1438 1154 1481 ergo
1181 1428 1327 1468 omnes
1345 1425 1468 1469 mor-

88 1509 110 1531 »
136 1490 202 1535 tui
225 1502 326 1536 sunt
342 1491 374 1537 3.
403 1510 424 1530 »
465 1489 568 1535 ldeo
603 1500 746 1534 autem
775 1500 972 1535 mortuus
990 1501 1068 1546 est,
1097 1492 1210 1537 sicut
1237 1490 1393 1551 legitur
1413 1493 1469 1539 ad

87 1560 315 1617 Hebraeos,
348 1571 397 1605 ut
412 1577 491 1624 per
514 1570 697 1605 mortem
725 1571 956 1606 evacuaret
991 1578 1089 1606 eum
1114 1562 1190 1625 qui
1206 1566 1466 1626 potestatem

87 1629 285 1676 habebat
303 1629 503 1684 mortisl‘,
525 1630 571 1675 id
591 1641 670 1686 est,
693 1630 932 1677 diabolum.
970 1631 1090 1687 Quid
1107 1648 1206 1692 ergo
1227 1633 1405 1690 mirum,
1434 1634 1470 1680 si

88 1701 282 1763 parvuli,
314 1701 511 1764 quandiu
544 1701 706 1746 mortui
729 1711 848 1755 sunt,
873 1711 1107 1764 antequam
1130 1702 1346 1766 incipiant
1373 1706 1474 1749 eum

89 1769 253 1816 habere
275 1772 353 1836 qui
375 1781 575 1816 mortuus
591 1780 653 1815 est
674 1787 756 1833 pro
780 1770 977 1827 mortuis,
1003 1772 1087 1817 sub
1101 1789 1150 1817 eo
1174 1783 1274 1818 sunt
1297 1774 1373 1836 qui
1389 1786 1469 1837 po-

91 1851 284 1887 testatem
309 1842 447 1887 habet
466 1841 644 1886 mortis?

156 1911 370 1959 XXVIII.
397 1915 635 1956 Enumeras
654 1926 754 1973 quae
781 1907 887 1956 fides
906 1927 1004 1956 vere
1021 1928 1108 1956 non
1130 1911 1303 1959 dubitet
1319 1913 1472 1958 Chris-

93 1982 235 2036 tiana3
260 1982 305 2027 in
325 1982 489 2045 quibus
506 1998 555 2026 ea
578 1997 909 2033 commemoras,
939 1997 1040 2043 quae
1055 1998 1164 2044 pene
1182 1983 1327 2028 omnia
1348 1990 1469 2046 prae—

94 2053 290 2098 dicamus
313 2063 354 2098 et
385 2068 481 2107 nos,
511 2062 553 2096 et
572 2050 626 2095 de
647 2051 808 2113 quibus
835 2049 956 2096 nullo
1001 2051 1131 2096 modo
1172 2051 1467 2098 dubitandum

95 2140 180 2168 esse
203 2139 449 2175 censemus3
475 2137 610 2185 usque
634 2120 740 2165 adeo
772 2131 821 2165 ut
862 2120 991 2166 etiam
1021 2121 1130 2167 illud
1166 2121 1287 2185 quod
1324 2122 1465 2168 dicis:

96 2215 117 2236 »
141 2193 242 2238 Sine
255 2209 385 2256 opere
402 2192 527 2237 liberi
548 2191 717 2236 arbitrii
732 2191 900 2236 'nullum
917 2191 1104 2236 hominis
1124 2208 1211 2237 esse
1228 2209 1353 2255 posse
1368 2209 1468 2255 pec-

97 2274 271 2318 catum,
294 2284 316 2304 »
337 2260 490 2308 verum
526 2278 612 2305 esse
653 2259 879 2307 fateamur.
908 2261 1006 2305 Non
1030 2262 1144 2306 enim
1177 2272 1219 2306 et
1247 2261 1334 2307 hoc
1371 2272 1475 2307 esset

97 2335 356 2397 peccatum,
383 2331 503 2396 quod
528 2330 735 2390 originale
767 2331 1029 2385 traheretur,
1057 2332 1146 2376 sine
1182 2349 1312 2394 opere
1346 2331 1474 2377 liberi

98 2404 289 2460 arbitrii,
303 2418 400 2467 vquo
416 2403 586 2466 primus
604 2401 737 2446 homo
755 2403 970 2464 peccavit,
993 2419 1072 2465 per
1094 2419 1221 2464 quem
1242 2413 1474 2465 peccatum

98 2477 277 2522 intravit
291 2475 338 2520 in
356 2473 574 2519 mundum
592 2508 603 2527 ,
640 2482 682 2517 et
703 2472 749 2516 in
772 2489 919 2517 omnes
942 2472 1140 2517 homines
1164 2473 1413 2535 pertransiit
1432 2472 1465 2519 ⁵.

102 2546 236 2605 Quod
259 2557 402 2593 autem
440 2544 576 2590 dicis:
604 2564 624 2584 α
645 2542 805 2589 Alienis
824 2543 1015 2606 peccatis
1036 2543 1218 2588 alterum
1239 2543 1474 2588 obnoxium

147 2646 161 2669 ¹
184 2641 286 2677 Galat.
304 2655 353 2681 ιιι,
373 2654 429 2683 27.
444 2640 517 2666 ——2
537 2653 550 2673 1
572 2644 666 2674 Joan.
682 2651 714 2682 v,
736 2653 788 2675 12.
805 2657 852 2665 —
870 2639 884 2665 3
903 2654 920 2673 2
939 2644 1014 2676 Cor.
1038 2654 1070 2684 v,
1095 2648 1194 2679 ⁴14.ae
1210 2639 1224 2664 ⁴
1240 2638 1402 2680 Hebr.i1,
1422 2648 1477 2679 14.

104 2719 148 2726 —·
165 2700 179 2724 5
195 2704 289 2733 Rom.
310 2711 344 2742 v,
365 2710 418 2732 ια.

1240 2752 1314 2799 26.
