1843 3190
343 295 519 327 CONTRA
554 293 779 326 JULIANUM
816 292 1121 335 PELAfflANcM,
1162 296 1247 327 ΜΒ.
1293 298 1354 333 w.
1432 283 1525 347 439

148 360 317 422 grapho
339 372 576 408 nascuntur
601 360 776 406 obnoxii
793 377 939 405 omnes
958 360 1004 404 in
1032 377 1160 405 carne
1196 361 1249 406 de
1276 379 1406 408 carne
1427 381 1527 409 car-

149 431 302 477 naliter
321 432 410 477 nati
430 453 440 485 ;
469 436 560 492 ejus
592 431 648 476 ab
667 431 755 475 hoc
782 430 930 475 debito
951 431 1156 489 sanguine
1179 431 1424 488 liberandi,
1447 434 1525 496 qui

149 501 191 546 in
213 517 340 546 carne
359 502 535 564 quidem
558 512 598 547 et
627 500 679 545 de
700 517 846 556 carne,
873 517 960 545 non
984 510 1124 545 tamen
1161 502 1390 548 carnaliter
1408 539 1419 558 ,
1452 503 1526 548 sed

149 571 401 634 spiritaliter
440 583 566 617 natus
603 581 678 618 est.
711 572 846 616 Natus
869 581 931 615 est
959 570 1072 614 enim
1099 570 1151 615 de
1187 572 1355 634 Spiritu
1378 585 1527 620 sancto

153 658 201 686 ex
225 642 391 701 virgine
422 642 575 688 Maria.
606 644 673 686 De
693 641 861 704 Spiritu
885 640 1050 685 scilicet
1078 651 1227 686 sancto
1246 678 1257 697 ‚
1284 661 1336 688 ne
1361 654 1464 689 esset
1484 644 1531 689 in
1555 642 1564 643 7

153 711 230 756 illo
248 728 348 756 caro
377 712 547 775 peccati
564 731 575 764 3
593 729 640 756 ex
670 711 835 770 virgine
853 721 995 755 autem
1015 710 1170 765 Maria,
1190 722 1237 756 ut
1263 724 1368 757 essct
1391 713 1435 758 in
1456 714 1529 759 illo

155 782 396 833 similitudo
421 783 562 828 carnis
585 783 771 846 peccati.
810 781 914 826 Ideo
938 781 998 827 illi
1020 782 1317 846 chirographo
1343 802 1429 829 non
1452 802 1534 829 ve-

154 853 219 897 nit
237 853 465 908 obnoxius,
490 865 532 898 et
550 854 605 898 ab
623 853 699 899 illo
718 852 845 898 solvit
865 852 1087 898 obnoxios.
1116 854 1264 916 Neque
1278 855 1390 899 enim
1409 855 1530 900 nulla

150 933 213 966 est
239 922 453 985 iniquitas
492 940 592 968 cum
612 923 656 968 in
688 939 774 967 uno
796 922 973 968 homine
1001 922 1068 967 vel
1101 923 1322 985 superiora
1350 925 1531 971 infcrio-

156 991 277 1045 ribus
301 993 488 1054 turpiter
512 992 705 1038 serviunt
722 1029 732 1047 ‚
766 992 832 1037 vel
866 991 1069 1036 inferiora
1099 993 1394 1055 superioribus
1422 1011 1536 1039 con-

158 1063 389 1107 tumaciter
426 1062 726 1113 reluctantur,
764 1062 893 1107 etiam
918 1062 952 1106 si
986 1062 1158 1107 vincere
1192 1080 1280 1108 non
1319 1064 1529 1110 sinantur.

150 1132 285 1177 Hanc
314 1131 587 1195 iniquitatem
622 1132 654 1177 si
679 1132 812 1177 homo
838 1132 892 1175 ab
934 1131 1111 1175 homine
1144 1132 1277 1177 altero
1299 1133 1538 1179 forinsecus

161 1201 409 1247 adversante
442 1213 690 1264 pateretur,
728 1201 830 1264 quia
861 1201 903 1245 in
941 1201 1016 1245 illo
1041 1218 1128 1245 non
1164 1213 1301 1257 esset,
1345 1203 1434 1248 sine
1460 1203 1535 1249 illo

165 1271 312 1334 utique
338 1272 570 1334 puniretur
591 1290 601 1316 z
631 1272 732 1334 quia
756 1287 858 1315 vero
882 1270 928 1315 in
947 1270 1021 1315 illo
1046 1281 1125 1326 est,
1148 1282 1221 1316 aut
1248 1289 1350 1318 cum
1368 1273 1442 1318 illo
1455 1289 1538 1336 pu-

162 1343 306 1387 nietur
324 1380 335 1397 ‚
362 1353 437 1388 aut
457 1343 533 1388 illo
555 1343 610 1388 ab
644 1345 735 1401 ejus
769 1352 889 1387 reatu
912 1342 1123 1397 liberato,
1147 1342 1207 1387 sic
1232 1343 1276 1387 in
1308 1345 1541 1400 certamine

165 1413 369 1458 adversus
389 1414 589 1476 spiritum
614 1423 873 1476 perseverat,
893 1423 942 1457 ut
959 1413 1176 1457 hominem
1198 1415 1289 1472 jam
1308 1431 1394 1459 non
1417 1431 1541 1459 reum

164 1484 215 1528 ad
243 1483 358 1529 nulla
389 1495 487 1547 post
511 1495 689 1529 mortem
716 1494 927 1528 tormenta
960 1487 1253 1537 transmittat,
1280 1502 1368 1530 non
1386 1485 1541 1531 alienet

166 1573 185 1598 a
222 1571 351 1613 regno
389 1554 497 1610 Dei,
527 1555 649 1599 nulla
680 1553 960 1599 damnatione
989 1553 1120 1599 faciat
1147 1553 1359 1608 detineri3
1398 1572 1538 1618 neque

167 1636 213 1669 ut
244 1642 291 1670 ca
314 1625 487 1688 penitus
522 1642 740 1670 careamus
757 1661 766 1679 ‚
796 1625 916 1670 velut
951 1625 1088 1670 aliena
1112 1634 1267 1670 natura
1292 1630 1542 1686 sejungatur

143 1716 148 1722 ·
167 1712 187 1739 a
214 1695 339 1740 nobis
357 1732 368 1751 ‚
400 1695 473 1741 sed
497 1695 598 1758 quia
621 1706 782 1741 nostrae
799 1706 968 1741 naturae
991 1695 1174 1755 languor
1197 1707 1276 1752 est,
1304 1708 1477 1742 sanetur
1495 1697 1542 1743 in

167 1766 309 1812 uobis.

146 1868 150 1872 >
203 1872 207 1873 γ
232 1837 395 1882 LXIII.
421 1857 442 1877 α
467 1837 654 1899 Propter
685 1837 772 1883 hoc
797 1854 897 1895 ergo
927 1836 1100 1892 vitium‚
1139 1837 1251 1883 sicut
1269 1838 1314 1883 in
1344 1854 1394 1883 eo
1427 1837 1543 1882 libro

145 1906 238 1951 -cui
275 1906 430 1951 resistis
461 1924 483 1950 a
504 1923 572 1951 me
605 1907 794 1969 positum
819 1917 882 1951 est
904 1943 914 1960 ,
956 1906 1148 1952 humana
1171 1918 1326 1952 natura
1360 1907 1545 1964 (lamna-

137 1972 258 2032 -tnr,
286 1986 330 2020 et
343 1986 527 2038 propter
545 1976 666 2038 quod
693 1976 948 2031 damnatur,
972 1973 1153 2038 propter
1181 1977 1268 2021 hoc
1293 1986 1334 2020 et
1358 1975 1545 2021 (lamna-

167 2045 448 2091 bili-tliaholo
482 2045 773 2104 ‘subjugatum
808 2047 910 2108 quia
936 2056 989 2090 'et
1022 2046 1346 2108 ipsetdiabolus
1370 2046 1546 2111 spiritus

167 2114 420 2161 immundus
441 2125 534 2160 est:
558 2127 598 2159 et
629 2116 778 2178 utique
812 2116 977 2160 bouum
1005 2115 1354 2178 quod¹*spi1·itus‚
1383 2116 1547 2161 malum

146 2201 148 2203 ’
168 2185 287 2249 quod
307 2184 587 2238 immundus3
608 2186 814 2247 quoniam
831 2185 1007 2248 spiritus
1020 2196 1081 2230 est
1098 2196 1270 2239 natura-‚
1292 2185 1546 2232 immundus

104 2264 107 2268 '
168 2266 230 2301 est
250 2255 360 2300 -vitio
387 2272 398 2299 ε
425 2271 610 2317 quorum
635 2254 822 2300 duorum
846 2255 956 2300 illud
981 2256 1112 2300 ἔνθεο
1129 2266 1211 2312 est,
1242 2256 1328 2301 hoc
1346 2256 1401 2300 ab
1423 2256 1539 2318 ipso.

139 2327 269 2371 “Non
288 2326 434 2388 itaque
454 2335 570 2369 tenet
590 2325 787 2371 homines
810 2325 897 2371 sive
919 2324 1092 2384 majoris
1106 2322 1421 2371 sive⁷infantilis
1440 2336 1548 2372 aeta-

139 2396 241 2451 rtis}
268 2392 448 2458 propter
466 2394 586 2457 quod
623 2395 834 2452 homines,
866 2395 938 2441 sed
976 2406 1156 2458 propter
1187 2396 1547 2459 quodimmundi

142 2489 147 2492 ·
171 2475 285 2511 sunt.
311 2486 332 2507 >³
357 2465 435 2510 His
456 2465 600 2509 verbis
614 2466 717 2510 meis
735 2482 781 2511 ex
795 2466 909 2511 libro
929 2483 1024 2511 meo
1044 2467 1121 2511 abs
1147 2477 1188 2511 te
1205 2466 1370 2529 positis,
1398 2467 1457 2512 ita
1472 2482 1543 2512 re-

147 2553 149 2556 ·
172 2535 412 2582 sistendum
432 2536 612 2598 putasti,
636 2546 685 2582 ut
713 2536 876 2591 diceres
897 2555 907 2582 :
940 2537 1112 2583 «¹Hanc
1142 2537 1329 2582 sormam
1350 2536 1478 2582 etiam
1501 2537 1548 2583 in

222 2618 232 2640 ¹
251 2616 321 2649 Lib.
340 2627 368 2649 ι.
387 2617 426 2649 de
443 2618 544 2660 Nupt.
563 2627 641 2660 cap.-
655 2620 712 2650 23⁴
1243 2613 1245 2615 ¹
